2236 4034
475 145 650 230 gen'esis.
962 149 1030 214 ¹237

90 297 268 382 supputatio
290 294 459 360 necessaria
480 308 553 372 est,¹
570 297 619 357 vel
647 292 689 356 ob
720 293 800 357 hano
829 316 968 374 eausam,
985 309 1032 381 ¹ut
1090 315 1093 321 ·

89 400 194 464 Iudaei
220 384 365 493 eonvinoi
390 398 514 482 possint
548 399 586 462 de
613 399 745 461 adventu
776 396 910 476 Christi,
940 403 1032 488 eujus

89 503 265 566 testimonia
284 496 493 564 illustrissima
513 523 550 564 ex
569 501 647 563 serie
668 514 845 583 temporum
859 504 939 564 sumi
959 522 1032 586 poa·

90 617 176 667 eunte
205 603 379 688 quanquam
401 626 440 666 ne
460 603 534 666 been
555 602 679 688 quidem
705 610 894 697 temerante
921 600 1032 692 colligi

89 704 220 792 potest,¹
240 721 341 770 tamen
363 727 474 789 parum
495 704 606 782 refert,
632 699 659 767 si
679 705 770 768 etism
795 725 915 771 summa
942 727 1032 789 pras.-

91 810 169 872 eisio
190 809 296 873 heberi
321 821 464 895 nequeat.
505 807 587 872 Infra
614 818 713 872 sotem
745 806 783 870 (le
810 809 1032 891 suppatstione

90 912 356 998 anuommlsnob
376 912 468 994 ploro
490 911 636 975 dicemus.

170 1015 326 1089 Suehoth,
360 1014 502 1080 Phanuel
533 1027 563 1076 et
589 1001 768 1099 Mahaneim
797 1011 943 1076 civitates·
959 1025 1033 1079 tunt
1074 998 1079 1024 '

89 1129 173 1180 trsns
194 1117 354 1180 Iordanem
377 1119 452 1180 sitae
471 1117 506 1179 in
526 1114 609 1178 tribu
624 1112 710 1178 Gau·
745 1113 824 1176 Eam
845 1126 1030 1199 terram-po·

90 1233 155 1283 stes
185 1208 308 1288 Ara'bes
333 1230 524 1302 occuparunt
551 1236 648 1300 neque
676 1215 718 1277 ad
745 1214 924 1296 lordanem3
951 1220 1029 1284 'ideo

87 1343 203 1385 nomen
222 1320 357 1397 Arabiae
377 1319 520 1382 obtinuit.
542 1317 576 1380 ln
596 1317 726 1379 historia
746 1315 901 1395 luditum,
922 1327 1029 1404 osp.'8.
1112 1316 1113 1320 ¹

91 1436 134 1498 (r.
153 1425 200 1489 16.
224 1427 285 1492 17.)
306 1423 466 1497 renitatur,
488 1420 628 1484 Sueboth
649 1430 678 1481 et
698 1417 839 1482 Phanuel
861 1440 926 1484 esse
947 1418 1039 1487 ever·'
1100 1439 1103 1450 ’

91 1523 344 1600 sanstissimae,
363 1536 529 1606 propterea
541 1521 627 1605 quod
641 1523 804 1586 noluerent
819 1522 966 1605 praebere
976 1547 1030 1609 pa·

90 1650 160 1690 nem
168 1627 311 1691 exercitui
320 1624 497 1710 defatigato.
518 1624 657 1686 'landem
665 1620 1031 1709 igiturpostaerritutens‚

89 1731 229 1794 exsilium
250 1710 288 1792 et*
300 1740 347 1790 tot
367 1727 491 1790 labores
521 1724 760 1787 ostentationes
785 1727 926 1790 coneedit
947 1727 1031 1791 Dens

89 1855 200 1918 pacem
221 1844 252 1893 et
273 1831 406 1914 quietem
427 1827 619 1891 Patriarelsse
639 1826 762 1901 lsoob‚·
776 1839 811 1890 ut
840 1829 940 1912 possit
958 1849 1033 1895 oum

90 1934 207 1996 familie
229 1944 259 1993 et
277 1933 444 2013 pecoribus
471 1933 505 1993 in
532 1942 600 1994 toto
629 1942 659 1990 et
685 1930 856 2013 tranquillo
883 1952 967 2007 esse,
993 1953 1030 1997 an
1080 1981 1084 1991 ,

90 2059 197 2100 euram
219 2056 311 2119 agere
332 2035 378 2097 eei
398 2034 533 2117 privatae
553 2033 588 2095 in
610 2033 807 2108 oeconomis,
835 2034 915 2099 aient
944 2036 1031 2103 deoet
1081 2080 1085 2086 «

90 2136 347 2223 patremfamilias.
388 2133 539 2200 Aedificat
558 2135 656 2222 igitur
674 2134 818 2210 domum,
844 2128 952 2213 docet,
973 2157 1031 2224 gn-

89 2245 209 2304 bornat.
248 2238 291 2301 Et
312 2239 446 2321 Spiritus
467 2249 589 2302 sanetus
610 2236 757 2323 dignetur·
776 2233 831 2297 ista
853 2238 1031 2304 omnislsm

90 2343 260 2427 diligenter
280 2338 471 2429 describerp,
498 2339 634 2421 primum
662 2352 698 2402 ut
726 2337 865 2401 ostendat
884 2341 1032 2406 vicissitu-

90 2447 196 2509 dinem
216 2443 296 2506 hsno
316 2445 350 2505 in
371 2441 431 2501 vita
453 2451 639 2517 sanctorum,
661 2465 721 2528 qna
742 2442 843 2505 solent
860 2443 920 2506 sibi
941 2432 1031 2512 alasi-

90 2548 142 2614 nis
162 2547 324 2609 succedere
344 2540 557 2606 tribulationes
578 2554 608 2603 et
629 2543 869 2622 consolationes,
897 2546 1032 2630 perinde

88 2662 126 2714 nt
145 2651 179 2713 in
201 2662 308 2710 natura
329 2648 410 2709 vines
430 2655 503 2706 sunt
530 2642 649 2706 dierum
677 2655 707 2706 et
736 2645 894 2723 noctium,
920 2648 1055 2716 hiemis.

91 2763 121 2814 et
141 2750 273 2813 aestatis.
312 2738 416 2830 Atque
435 2748 506 2810 ideo
528 2761 647 2811 exeroet
667 2746 752 2811 Deus
778 2749 898 2839 ingenti
917 2751 1029 2843 benig·

89 2856 185 2918 nitate
206 2864 235 2914 et
254 2848 468 2945 misericordia
496 2863 619 2912 sanetus
647 2869 737 2926 suos,
766 2871 806 2914 ne
834 2851 869 2914 in
897 2876 974 2940 paee
1001 2870 1032 2924 et

90 2955 312 3041 tranquillitate
324 2964 512 3038 torpescent,
530 2951 565 3012 in
581 2952 762 3014 sdvaaitan
781 2967 882 3017 autem
897 2978 936 3020 ns
951 2950 1044 3023 frana¹
1082 3006 1084 3014 ι

91 3073 206 3146 gantur
224 3055 345 3119 animis.
386 3052 565 3115 Necessaria
586 3052 667 3115 enim
687 3065 734 3115 est
760 3074 834 3116 orux
864 3057 906 3120 sd
932 3057 1033 3124 humi

91 3161 226 3225 liandam
247 3177 391 3229 earnem,
417 3176 456 3218 ne
475 3155 620 3231 rebellet,
648 3155 728 3218 neve
744 3154 921 3223 dominetur
941 3163 1032 3246 spiri.

91 3265 150 3327 tui.
190 3257 324 3321 afflietio
344 3268 460 3339 sutem,
488 3276 566 3339 quse
587 3269 667 3320 osret
685 3256 748 3321 fine
769 3271 822 3320 aut
849 3259 1032 3345 intervallis,

90 3364 248 3449 frangeret
280 3356 441 3442 spiritum,
476 3368 507 3418 et
541 3368 670 3444 eo'geret
699 3359 744 3423 ad
775 3361 1031 3446 desperationem.

91 3468 176 3529 Deus
196 3461 298 3550 igitur
323 3458 461 3521 mirabili
485 3458 622 3521 bonitate
647 3472 797 3545 temperet
824 3463 898 3529 haee
924 3486 1032 3531 teano·

92 3570 166 3634 (lem
187 3557 329 3648 regulam
349 3560 454 3638 Pauli,
485 3558 721 3632 tertinulo.
742 3577 786 3643 (v-
805 3568 882 3639 1333
910 3567 1030 3646 „Fim-
