2236 4034
410 158 616 285 ¹‘piso-ssia
916 203 1007 270 ’309

65 339 143 409 ιιιιιι1
168 345 329 409 ecclesiam
349 347 528 434 Brigittanis
558 341 675 412 et'eliie
696 349 804 426 libris,
831 346 944 433 quibus
964 348 1006 407 vi·
1060 408 1064 417 ,

64 461 253 530 tuperarunt
281 452 494 541 oeconomiam
524 465 553 516 et
580 439 740 535 politiam,
772 474 948 534 quanquam
969 451 1005 510 iis

66 556 195 638 quidem
228 572 388 635 uunquam
416 576 519 641 cerere
550 556 751 640 potuerint.
767 553 829 617 Sed
857 554 883 615 ei
912 551 1005 636 paulo

62 658 168 718 ¹altius
179 654 400 735 introspexeris
421 655 501 719 hauc
521 658 698 761 historiam,
731 655 849 721 videbis
870 653 1007 739 exempla
1051 690 1071 709 a

58 755 215 841 ⁵castitatis
237 775 375 815 summae
395 754 428 816 in
450 758 617 840 conjugio,
628 754 824 839 cujusmodi
846 756 931 817 nialla
952 778 1009 815 ιιιι-

68 882 162 942 quam
184 857 268 940 apud
289 877 343 916 eos
364 854 438 930 tuit,
460 861 513 942 qni
534 872 646 920 statum
667 858 849 940 virginitatis
870 856 1007 919 etcasti·
1043 887 1047 897 ‚

66 958 141 1020 tatis
168 956 340 1038 jusserunt,
369 957 478 1020 demtis
508 954 782 1044 singularibus'et
811 951 1007 1019 miraculosis
1032 1006 1035 1016 ,

67 1047 216 1147 exemplis
238 1054 408 1148 Baptistae,
439 1056 578 1120 Mariae
572 1073 615 1121 et
636 1060 796 1125 similium.
825 1060 857 1120 in
879 1058 1011 1121 caeteris

67 1175 172 1227 manet
203 1160 292 1224 furor
320 1173 349 1225 et
377 1161 469 1222 ardor
497 1159 1008 1243 libidinie.1deouullaoomps

66 1263 160 1326 ratio
177 1277 222 1327 est
248 1262 345 1326 ullius
372 1245 514 1327 eastitatis
543 1264 582 1326 ad
603 1263 757 1345 exempla
772 1264 879 1324 harum
900 1244 1008 1324 mulie·
1035 1272 1038 1281 '

68 1388 172 1444 rum3
200 1365 416 1443 describuntur
447 1368 528 1428 enim
559 1375 589 1425 et
617 1375 765 1429 ornantur
790 1357 1008 1448 pulo'herrimis

67 1468 189 1542 verbis,
216 1467 376 1550 quomodo
397 1479 502 1542 orant,
530 1478 677 1548 gemunt,
698 1466 847 1536 clement,
868 1465 1007 1539 creduut,

68 1581 249 1651 exspectant
275 1569 307 1630 in
337 1569 486 1649 conjugio
517 1570 638 1650 prolem
663 1590 680 1631 s
703 1569 778 1633 Deo.
819 1558 934 1639 Libido
957 1588 1007 1629 sn·
1086 1566 1095 1657 ν’

70 1684 136 1734 tem
155 1692 219 1733 nou
240 1672 354 1755 cogitet
375 1672 413 1733 de
425 1672 509 1747 Deo,
530 1692 593 1733 noo
615 1670 755 1747 invocat,
776 1692 838 1733 nou
860 1672 923 1754 agit
939 1689 1007 1763 gra·

68 1775 147 1848 tiae3
174 1773 228 1835 sed
256 1787 318 1837 est
330 1795 416 1837 caeca
447 1786 489 1838 ιι
505 1795 622 1836 vesane.
669 1776 712 1835 Ar
731 1774 789 1836 hae
809 1773 1008 1840 mulierculas

70 1888 181 1952 orent,
209 1875 433 1965 lacrymantur.
477 1874 535 1951 „0
565 1875 667 1952 Deos,
690 1876 734 1938 da
762 1876 931 1939 sobolem“
952 1884 1006 1935 etc.
1096 1864 1099 1873 ’

69 1976 158 2038 Haec
188 1997 254 2038 non
282 1990 355 2039 sunt
383 1968 474 2038 verba
493 1976 678 2039 libidinosae
698 1979 852 2056 mulieris,
880 1978 933 2041 sed
961 1997 1008 2043 ct·

72 2078 223 2143 ctissimee
244 2092 273 2140 et
293 2079 521 2141 honestissimae
542 2092 706 2143 matronae.
792 2122 796 2129 ι

154 2180 226 2243 ldeo
253 2183 391 2263 exempla
417 2204 521 2244 earum
550 2194 622 2245 sunt
642 2180 804 2252 utilissima
829 2191 860 2240 et
879 2177 1010 2247 maxime

71 2284 245 2348 necessarie
281 2283 433 2358 eeclesiis,
469 2282 543 2364 quia
569 2297 735 2359 testantur,
769 2283 869 2347 Deum
897 2281 1015 2365 ιιιιιιιἰ

73 2385 267 2475 gubernare,
306 2385 385 2447 tueri
418 2406 516 2471 genus
542 2385 621 2451 vitae
652 2377 900 2460 oeconomicum,
936 2407 1010 2479 pree

76 2509 139 2570 quo
170 2500 242 2549 tuns
264 2485 447 2559 caelibatus,
475 2499 526 2547 tua
547 2486 609 2547 vita
630 2485 805 2555 Menoetius
825 2499 855 2547 et
875 2499 1009 2549 contem·

73 2590 188 2674 plativa
208 2589 300 2652 foetet
319 2609 423 2651 coram
445 2587 532 2661 Deo,
564 2589 638 2671 quin
658 2572 751 2648 etiem
771 2589 806 2651 in
827 2588 1011 2657 conscientia
1103 2571 1105 2617 ³

73 2703 138 2753 tue.
177 2692 223 2753 Ac
244 2689 354 2752 merito
385 2680 475 2753 luunt
495 2689 644 2752 Monachi
664 2689 748 2759 hunc
767 2711 858 2761 sunm
879 2700 1012 2757 contem·

72 2804 143 2857 tu‘m
172 2790 321 2874 conjugii.
370 2792 450 2874 Quia
484 2793 564 2853 enim
601 2793 705 2857 rident
739 2792 812 2857 haec
840 2803 871 2876 et
899 2791 1012 2863 similia

33 2882 36 2886 ¹
74 2894 214 2978 exempla
248 2905 279 2954 et
305 2892 366 2953 Dei
393 2913 486 2975 opere
513 2892 590 2975 ipsis
618 2895 757 2971 sordent,
789 2894 920 2958 vicissim
952 2894 1012 2988 ipsi

75 3016 204 3079 quoque
234 3015 252 3058 a
278 2984 346 3055 Deo
376 2994 486 3074 abjecti
515 3006 584 3056 sunt
613 3008 642 3057 et
670 2974 818 3080 neglecti
855 2994 991 3058 donec
980 3016 1013 3063 ro
1093 3051 1094 3057 ,

73 3109 221 3187 portenta
241 3096 441 3179 turpitudinis
462 3108 494 3159 et
513 3096 674 3160 libidinum
694 3095 833 3180 prolapsi
854 3109 932 3159 sunt.
996 3178 999 3187 Ι

155 3200 204 3267 De
234 3198 423 3283 etymologia
450 3197 584 3263 nominis
605 3212 668 3311 7]
662 3186 821 3269 Rabblni
828 3196 967 3292 rixentur
985 3199 1015 3263 οι

74 3301 198 3368 ranam
217 3301 456 3385 interpretando
496 3301 568 3386 Ego
589 3317 690 3364 autem
711 3300 865 3378 existimo,
886 3298 1013 3361 rectissi-

68 3426 130 3468 ¹me
157 3403 249 3474 reddi
277 3403 465 3479 accinctum,
490 3412 656 3480 armatum,
672 3401 872 3472 instructum
894 3386 930 3491 ad
951 3401 1016 3466 bel

74 3508 166 3582 lum,
185 3505 333 3578 undet
290 3515 333 3580 Ἶι
336 3516 398 3608 72,
429 3505 535 3582 miles,
564 3498 761 3597 latrunculus.
801 3485 1016 3603 Hieronymus

72 3609 198 3675 senis
194 3606 378 3674 memores
391 3608 435 3671 in
464 3609 610 3687 mercltu',
649 3588 728 3675 llos
728 3608 800 3689 est,
823 3598 939 3684 milites
969 3610 1015 3672 ιιι·
