2236 4034
71 155 149 243 ἠδ’
170 133 176 145 -.
249 125 501 258 Vigeslmuru
523 146 700 232 serrium
722 186 841 255 ceput

69 337 117 388 eet
144 303 289 400 ecclesis3
317 336 347 388 et
367 344 384 386 a
405 333 532 403 scutra,
561 320 618 383 ubi
637 315 683 383 est
705 343 776 385 vera
796 302 942 396 ecclesis,
973 321 1019 384 ibi

69 425 288 490 estserhsm:
732 500 735 505 ι

88 559 96 607 ¹.
147 528 209 592 Sed
230 529 393 595 ridesmus
408 526 500 590 verbs
521 541 552 590 et
572 527 815 615 grammaticam.
839 528 919 592 Cum
933 551 1018 612 mug-

19 700 21 705 ,
55 653 109 694 uu
139 611 227 695 enim
249 631 359 703 effectu
386 643 417 697 et
445 628 672 717 siguifiustitine
705 632 843 717 ingentis
875 633 1016 696 tristitiae

65 735 124 799 ista
145 736 312 810 dicuutur,
333 733 549 819 quod‘laccb‚
569 733 725 797 institutus
748 736 891 818 dominus
904 751 933 799 et
949 737 1017 798 hae·

36 839 291 925 gresssgreditut·
310 837 348 902 de
368 837 537 914 Berressa,
564 851 594 902 et
613 837 727 922 procul
746 860 845 922 usque
865 839 899 900 iu
913 840 1017 901 Hercu

65 940 280 1027 proficiscitur.
303 940 442 1025 Quilibet
462 956 565 1011 autem
586 966 674 1008 exse
695 942 904 1030 conjecturem
917 941 1015 1021 faciet,

44 1056 185 1130 ,quarto
215 1046 324 1111 dolore
351 1045 455 1108 bouus
481 1059 513 1108 et
543 1060 665 1112 sauctus
690 1047 745 1110 ille
774 1046 950 1109 Patriareba
976 1048 1015 1109 sit

65 1149 270 1231 contristatus.
291 1147 384 1212 Haud
404 1147 499 1213 dubie
519 1149 604 1214 enim
625 1170 765 1214 emensus
787 1161 832 1211 est
851 1149 912 1212 iter
927 1149 1014 1213 illud

64 1263 128 1315 taus
145 1251 356 1337 longinquum
377 1254 483 1315 multis
503 1251 666 1336 lucrymis,
687 1250 803 1314 crebris
824 1252 964 1334 suspiriis
983 1265 1014 1314 et

46 1355 260 1442 singultibus
267 1401 276 1433 ,
298 1355 372 1440 quis
393 1355 473 1419 ulum
493 1354 632 1440 aufugit,
652 1366 687 1417 ut
707 1355 842 1418 occultet
868 1377 900 1417 se
930 1377 946 1416 a
968 1355 1014 1415 fu-

12 1538 15 1547 ·
63 1478 136 1524 rore
156 1457 259 1523 fratris
279 1458 385 1536 Esau,
402 1480 444 1522 ue
462 1458 677 1542 insequeretur
696 1457 817 1540 ipsum,
845 1472 876 1520 er
905 1457 937 1519 in
965 1459 1013 1519 iti·

39 1548 136 1631 5u'ere
157 1551 339 1646 ecduperet,
359 1574 391 1628 et
410 1565 474 1629 vim
494 1561 632 1645 aliquam
653 1558 774 1624 laceret.
802 1561 1014 1626 Proficiscitur

62 1662 160 1750 igitur
179 1663 266 1728 sulus
295 1667 360 1730 siue
384 1688 497 1743 servor
520 1666 587 1729 siue
618 1662 696 1729 duce
723 1676 777 1726 aut
797 1668 918 1730 comite.
961 1666 1013 1729 Sic

61 1766 109 1830 irs
128 1765 162 1831 iu
177 1768 323 1831 ,exsilium
347 1782 378 1834 et
397 1764 559 1847 tenelius,
587 1778 618 1835 et
638 1765 796 1831 discedere
825 1792 844 1830 a
869 1781 972 1852 patre,
994 1790 1012 1831 a

14 1942 17 1957 Ι
61 1881 177 1945 matre,
196 1871 605 1956 relinqueredulcissimsm
632 1867 720 1932 illam
753 1864 918 1955 petentum
940 1894 1012 1935 cou-

62 1972 274 2050 suetudinem,
294 1977 490 2057 permittere,
511 1989 547 2040 ut
564 1973 703 2038 furiosus
723 1970 817 2036 freter
846 1995 918 2035 cum
938 1995 1012 2035 uxo-

43 2077 149 2141 :ribus
176 2077 354 2140 dominetur
383 2097 415 2139 se
441 2078 564 2142 absente
591 2077 625 2140 iu
657 2077 717 2140 ists
750 2074 1011 2158 peregrinatione,

59 2177 202 2270 profectu
224 2202 338 2266 magna
356 2178 415 2245 fuit
436 2179 569 2244 miserie.
606 2178 651 2242 Et
670 2176 729 2243 fuit
749 2178 841 2241 laccb
863 2176 957 2238 lrumo
981 2188 1012 2238 et

59 2283 204 2345 humenis
226 2281 389 2357 [effectibus
418 2281 584 2358 obnoxius,
616 2301 681 2346 ucu
710 2283 802 2345 aliter
828 2294 921 2365 atque
951 2303 1009 2343 nos

29 2384 44 2412 ⁷
60 2403 176 2453 sumus.
208 2383 275 2450 lmu
296 2404 360 2467 quc
380 2381 665 2467 l'uitspirituslicr,
693 2387 754 2450 huc
781 2385 881 2469 magis
909 2383 1011 2446 affecit

60 2498 91 2556 et
110 2477 292 2555 excruciavit
311 2486 447 2554 ssimum
469 2486 536 2569 ejus
557 2488 674 2551 melitis
693 2488 899 2572 pessimorum
913 2488 1011 2548 homi·

59 2604 151 2667 uum,
172 2603 202 2654 et
222 2610 277 2655 sue
296 2589 396 2671 ipsius
416 2603 543 2677 peccata
563 2606 594 2657 st
614 2594 788 2658 aerumnae.
825 2589 905 2654 Sunt
927 2589 1010 2650 enim

60 2690 221 2761 tenerrimi
249 2688 390 2755 iicmiues
418 2693 534 2770 sancti,
562 2715 600 2757 sc
629 2696 730 2780 magis
751 2707 781 2758 ct
800 2694 1009 2756 vehementius

59 2803 313 2867 commorentur,
344 2814 439 2877 quam
468 2796 611 2859 caudices
638 2811 670 2861 et
690 2796 809 2881 stipites
829 2796 879 2859 illi
898 2796 1010 2856 Muna-

12 2962 20 2978 ,
59 2895 110 2962 ehi
130 2902 161 2959 et'
179 2894 346 2980 justitiarii.
373 2896 449 2959 Fuit
468 2897 567 2982 igitur
587 2897 739 2982 profectio
767 2899 838 2963 setis
859 2899 956 2961 tristis
978 2911 1009 2963 et

58 2998 189 3069 molesta
216 2991 341 3085 prester
367 2999 558 3089 periculum,
587 3004 673 3085 quud
700 3000 883 3064 imminebat
910 2997 1010 3063 afra·

19 3148 22 3155 ·
58 3115 114 3172 tre.
134 3100 209 3172 Nou
229 3100 289 3165 fuit
309 3101 446 3187 jucunda
467 3102 694 3182 deambulatio,
723 3123 780 3166 uec
807 3103 925 3184 quievit
954 3115 1010 3164 eut

57 3225 243 3290 progressus
264 3215 310 3270 est
328 3205 460 3282 terdius,
481 3205 561 3269 sicut
581 3196 682 3269 securi
703 3217 733 3268 et
760 3208 818 3268 tuti
845 3205 884 3267 ab
907 3207 1009 3267 omni·

57 3308 118 3373 bus
138 3305 258 3372 insidiis
279 3306 399 3384 soleat,
421 3308 486 3396 ‘sed
505 3305 680 3385 festinarit,
709 3308 853 3371 cucurrit.
894 3308 1009 3392 Neque

57 3410 263 3494 adjunxerunt
282 3407 476 3491 eipersutcs
498 3411 618 3475 socium
639 3410 730 3486 ideo,
742 3421 786 3472 'ut
806 3407 928 3470 facilius
949 3406 1008 3471 fra·

57 3525 136 3578 trem
157 3509 243 3592 Esau
269 3510 384 3573 celeret
412 3501 582 3580 diseeslm
608 3505 708 3578 edum.
735 3513 904 3591 ,Potuisset
925 3513 1007 3575 enim

31 3611 252 3696 praecludere
274 3600 379 3699 riam,
398 3627 447 3698 st,
479 3617 568 3706 quud
591 3617 809 3694 constituerat,
834 3612 927 3679 luccb
954 3635 1007 3678 ou·
