2236 4034
447 168 622 263 genesis.
952 176 1014 247 223

52 328 141 413 iaxta
170 327 286 394 Psalm.'
307 329 358 397 56.
379 338 423 402 [v.
435 316 483 402 9.)
512 324 706 389 sententiam.
746 320 935 387 Sanctorum
962 346 1015 388 sn-

52 448 120 497 tsm
140 433 315 518 laarymas,
335 428 441 516 fugas,
462 432 658 503 tentationes,
679 428 929 513 operaminims,
950 453 1014 493 ma·

53 539 138 602 xlma
158 534 409 601 numerantnrin
429 547 589 597 aeternum
600 533 756 596 laudanda
775 547 804 595 st
815 533 1014 597 celebranda.

136 640 327 703 Dulcissima
340 636 440 724 igitur
460 614 719 702 hasaoooadlatio
740 651 797 713 ost,
819 660 913 722 quam
924 658 1015 699 mon·
1072 702 1077 711 ,

56 754 134 806 strat
152 743 290 818 Paulus,
317 740 412 805 Rom.
436 747 482 811 15.
505 749 549 818 (v.
565 742 629 818 4),
658 742 785 826 quando
814 741 905 816 diois,
934 740 1015 802 nihil

56 846 348 931 stnswa‘anriptum
368 866 434 908 nasa
455 845 488 907 in
509 846 664 929 scriptura
690 856 805 907 sancta.
847 843 932 925 Quia
952 864 1016 905 osr-
1048 909 1051 921 ¹
1077 844 1080 851 '

56 960 123 1012 tnm
145 962 212 1027 ost,
242 951 325 1013 hasa.
339 935 445 1013 infima
465 960 496 1012 st
515 948 681 1011 levissima·
691 947 764 1011 ideo
791 946 949 1031 proponi,
979 960 1016 1011 ut

55 1048 252 1137 significetur
284 1050 520 1137 beneplacitum
549 1051 691 1116 divinum
724 1051 758 1115 in
789 1052 903 1115 sanotis
938 1052 1015 1116 sais.

58 1154 196 1239 Semper
215 1155 300 1221 enim
322 1170 427 1220 manet
451 1157 596 1221 remissio
617 1168 818 1241 pennatorum
847 1169 879 1221 at
905 1174 1017 1241 annap-

58 1259 153 1333 tatio,
179 1279 218 1322 aa
237 1259 297 1321 sub
324 1262 410 1325 nubs
437 1277 468 1327 st
487 1262 674 1325 umbraculo
696 1260 817 1324 alarum
844 1270 874 1325 at
894 1273 1017 1345 protas-

56 1362 145 1429 tions
165 1362 227 1426 Dat
246 1364 372 1441 vivunt,
400 1367 569 1451 quamdiu
598 1379 671 1430 sunt
699 1367 733 1430 in
762 1364 871 1450 gratia.
913 1365 1016 1448 Atque
1063 1444 1065 1459 Ι
1101 1390 1104 1399 ·

56 1466 132 1531 liaeo
154 1465 247 1529 nobis
270 1489 396 1554 quoque
416 1471 622 1555 applicemus.
643 1470 681 1535 Si
700 1468 783 1534 anim
805 1487 913 1530 sumus
926 1466 1017 1533 Chri-
1093 1476 1099 1491 ”

60 1568 154 1634 stiani
173 1583 207 1635 et
226 1594 298 1636 vers
317 1575 382 1660 pii,
402 1576 537 1654 animus,
567 1598 627 1640 nos
656 1598 723 1640 assa
744 1552 862 1636 slmiles
884 1572 1015 1634 summit

60 1676 127 1739 illia
146 1676 271 1755 sanstis,
292 1678 318 1739 si
338 1672 404 1741 noa
425 1680 460 1741 in
481 1701 603 1744 summo
617 1680 721 1765 gradu
741 1678 943 1741 maximatum
955 1678 1016 1742 vir·

43 1770 170 1857 ¹tntum,
190 1794 298 1845 tamen
318 1783 366 1847 his
385 1782 501 1847 infimis
522 1795 552 1845 st
568 1782 703 1845 sordidis
724 1782 899 1846 actionibus
921 1782 1016 1864 hujus

59 1884 148 1963 vitas,
169 1898 201 1949 st
223 1886 312 1972 quod
333 1886 372 1951 ad
393 1909 499 1949 curam
520 1898 550 1948 et
569 1887 795 1970 protectionem
817 1886 877 1949 Dei
897 1886 1016 1961 attinet,

59 2009 123 2051 non
143 1990 252 2051 minus
273 2012 333 2052 nos
354 1991 447 2075 diligi
467 2006 559 2074 atquo
579 1990 663 2053 illos.
705 1990 804 2079 Cujus
829 1989 1016 2052 tenerrimas

60 2108 89 2157 st
108 2092 348 2157 ardentissimas
370 2094 546 2177 dilectionis
575 2107 694 2158 certum
721 2097 840 2182 pignus
866 2096 1016 2158 habemns

59 2200 180 2273 Eilium
193 2196 262 2275 Dei,
282 2209 416 2281 propter
436 2220 530 2280 quom
542 2198 645 2284 diligit
665 2210 722 2262 nos
739 2198 844 2276 Pater,
865 2211 895 2262 st
917 2220 1017 2276 „non-

60 2306 166 2368 ssders
189 2325 248 2366 noa
270 2299 343 2364 fecit
362 2302 396 2363 in
418 2301 604 2365 coelestibus
612 2309 651 2378 “‚
672 2303 753 2366 sient
772 2294 878 2387 inquit
900 2302 1017 2365 Paulus

60 2410 157 2495 (Epa.
180 2417 219 2488 9,
240 2390 297 2484 6.)ss
346 2404 505 2481 Sciamus,
547 2406 638 2468 etiam
671 2409 712 2470 ad
751 2428 810 2470 uos
848 2408 1018 2490 pertinere,
1110 2406 1113 2417 '

60 2516 145 2601 qnod
165 2514 201 2577 in
223 2510 352 2576 Psalmo
366 2514 415 2578 37.
438 2520 480 2583 [v.
497 2512 546 2577 93·
570 2511 654 2588 94),
685 2510 864 2575 dulcissime
886 2512 1017 2575 dicituro

59 2621 115 2697 „A
137 2618 282 2683 Domino
294 2636 419 2700 gressus
435 2614 572 2676 hominis
592 2615 776 2700 dirigentur,
798 2626 829 2677 st
849 2615 929 2681 viam
950 2616 1018 2700 sjns
1064 2648 1073 2669 ι

57 2724 151 2787 volet.
195 2720 279 2785 Cam
299 2721 457 2794 occiderit,
478 2742 541 2783 non
561 2720 744 2782 collidetur:
766 2723 841 2805 qnia
862 2723 1018 2787 Domina·

59 2825 211 2911 supponit
232 2845 362 2887 manum
384 2830 519 2885 suam“:
540 2836 663 2886 tantum
682 2827 843 2890 credamus
864 2843 896 2892 at
917 2852 1019 2905 assen-

58 2931 176 2994 tiamur
196 2927 269 2989 huis
291 2926 502 3011 promissioni.
545 2927 633 2990 Sicut
663 2929 747 2991 snim
774 2945 921 3015 parantes
952 2933 1019 2997 dili·

57 3033 245 3120 gentissima
267 3031 436 3092 observant
455 3026 583 3106 filiolos,
605 3053 643 3093 ne
664 3029 743 3095 forta
758 3036 882 3111 oadant,
903 3059 1020 3122 nequa

57 3138 240 3224 impingant
259 3147 313 3197 aut
334 3134 510 3211 offendant,
541 3148 571 3198 et
599 3136 625 3196 si
653 3135 760 3200 vident
791 3140 944 3203 maculam
967 3152 1021 3201 sut

56 3240 204 3325 pituitam
225 3238 315 3323 genis
341 3239 539 3322 adspersam,
568 3236 753 3325 abstergunt
781 3256 811 3308 et
831 3256 1018 3331 emungunt:

56 3344 93 3407 id
114 3342 205 3426 quod
225 3342 377 3405 honines
396 3345 515 3405 slisnus
537 3362 602 3405 non
624 3338 712 3404 facit:
743 3344 770 3409 si
794 3349 905 3432 pluma
925 3330 1020 3433 sspil.

58 3444 98 3507 lis
117 3444 310 3528 inhaeserit,
338 3459 465 3531 pectunt
493 3461 523 3511 at
544 3458 674 3525 ornant3
705 3460 788 3513 tanta
816 3452 909 3514 stiam
937 3468 1020 3527 nara,

60 3558 166 3612 tantus
186 3562 279 3610 amor
306 3560 337 3611 et
361 3570 435 3614 vora
461 3534 629 3635 paternitas
650 3548 712 3616 Dei
732 3556 778 3619 eal
801 3574 878 3642 erga
899 3578 1020 3636 omnes,

63 3652 117 3736 qui
137 3652 270 3720 eredunt
283 3652 323 3723 in
345 3672 423 3716 sum.
