<?xml version="1.0" encoding="UTF-8"?>
<!DOCTYPE html PUBLIC "-//W3C//DTD XHTML 1.0 Transitional//EN"
    "http://www.w3.org/TR/xhtml1/DTD/xhtml1-transitional.dtd">
<html xmlns="http://www.w3.org/1999/xhtml" xml:lang="en" lang="en">
 <head>
  <title>
</title>
<meta http-equiv="Content-Type" content="text/html;charset=utf-8" />
  <meta name='ocr-system' content='tesseract 3.04.00' />
  <meta name='ocr-capabilities' content='ocr_page ocr_carea ocr_par ocr_line ocrx_word'/>
</head>
<body>
  <div class='ocr_page' id='page_1' title='image "./exegeticaoperal05luthgoog_0639.png"; bbox 0 0 2236 4034; ppageno 0'>
   <div class='ocr_carea' id='block_1_1' title="bbox 8 136 959 237">
    <p class='ocr_par' dir='ltr' id='par_1_1' title="bbox 8 136 959 237">
     <span class='ocr_line' id='line_1_1' title="bbox 8 136 959 237; baseline -0.006 -21"><span class='ocrx_word' id='word_1_1' title='bbox 8 188 19 195; x_wconf 94' lang='lat'>-</span> <span class='ocrx_word' id='word_1_2' title='bbox 109 158 171 226; x_wconf 77' lang='lat'><strong>286</strong></span> <span class='ocrx_word' id='word_1_3' title='bbox 270 136 959 237; x_wconf 56' lang='lat' dir='ltr'><strong>Trigesimumqnertumo&#39;spnt&#39;</strong></span> 
     </span>
    </p>
   </div>
   <div class='ocr_carea' id='block_1_2' title="bbox 57 297 1083 593">
    <p class='ocr_par' dir='ltr' id='par_1_2' title="bbox 57 297 1083 593">
     <span class='ocr_line' id='line_1_2' title="bbox 57 297 1033 401; baseline -0.005 -33"><span class='ocrx_word' id='word_1_4' title='bbox 57 381 64 401; x_wconf 27' lang='grc' dir='ltr'><strong><em>ι</em></strong></span> <span class='ocrx_word' id='word_1_5' title='bbox 188 304 310 368; x_wconf 79' lang='lat' dir='ltr'><strong>Deinde</strong></span> <span class='ocrx_word' id='word_1_6' title='bbox 330 304 497 366; x_wconf 85' lang='lat' dir='ltr'><strong>ostendunt</strong></span> <span class='ocrx_word' id='word_1_7' title='bbox 508 302 707 374; x_wconf 75' lang='lat' dir='ltr'><strong>decembr,</strong></span> <span class='ocrx_word' id='word_1_8' title='bbox 733 297 838 361; x_wconf 88' lang='lat' dir='ltr'><strong>Isoob</strong></span> <span class='ocrx_word' id='word_1_9' title='bbox 856 299 1033 369; x_wconf 75' lang='lat' dir='ltr'><strong>ssnofissinm</strong></span> 
     </span>
     <span class='ocr_line' id='line_1_3' title="bbox 108 404 1033 493; baseline -0.008 -22"><span class='ocrx_word' id='word_1_10' title='bbox 108 408 211 471; x_wconf 80' lang='lat' dir='ltr'><strong>sirum</strong></span> <span class='ocrx_word' id='word_1_11' title='bbox 232 427 338 468; x_wconf 90' lang='lat' dir='ltr'><strong>rursus</strong></span> <span class='ocrx_word' id='word_1_12' title='bbox 359 404 469 466; x_wconf 84' lang='lat' dir='ltr'><strong>laeteri</strong></span> <span class='ocrx_word' id='word_1_13' title='bbox 487 425 558 493; x_wconf 86' lang='lat' dir='ltr'><strong>oum</strong></span> <span class='ocrx_word' id='word_1_14' title='bbox 579 405 723 491; x_wconf 83' lang='lat' dir='ltr'><strong>maxima</strong></span> <span class='ocrx_word' id='word_1_15' title='bbox 746 404 926 466; x_wconf 78' lang='lat' dir='ltr'><strong>tentatione</strong></span> <span class='ocrx_word' id='word_1_16' title='bbox 949 406 1033 486; x_wconf 75' lang='lat' dir='ltr'><strong>spirim</strong></span> 
     </span>
     <span class='ocr_line' id='line_1_4' title="bbox 110 506 1083 593; baseline 0 -19"><span class='ocrx_word' id='word_1_17' title='bbox 110 525 141 575; x_wconf 85' lang='lat' dir='ltr'><strong>et</strong></span> <span class='ocrx_word' id='word_1_18' title='bbox 160 508 248 582; x_wconf 83' lang='lat' dir='ltr'><strong>fidei,</strong></span> <span class='ocrx_word' id='word_1_19' title='bbox 268 529 347 592; x_wconf 89' lang='lat' dir='ltr'><strong>quse</strong></span> <span class='ocrx_word' id='word_1_20' title='bbox 367 508 595 590; x_wconf 73' lang='lat' dir='ltr'><strong>propemodum</strong></span> <span class='ocrx_word' id='word_1_21' title='bbox 616 506 858 591; x_wconf 73' lang='lat' dir='ltr'><strong>exstinguitur.</strong></span> <span class='ocrx_word' id='word_1_22' title='bbox 901 506 1033 574; x_wconf 77' lang='lat' dir='ltr'><strong>Liouuis</strong></span> <span class='ocrx_word' id='word_1_23' title='bbox 1080 587 1083 593; x_wconf 87' lang='lat'><em>.</em></span> 
     </span>
    </p>
   </div>
   <div class='ocr_carea' id='block_1_3' title="bbox 7 607 1033 694">
    <p class='ocr_par' dir='ltr' id='par_1_3' title="bbox 7 607 1033 694">
     <span class='ocr_line' id='line_1_5' title="bbox 7 607 1033 694; baseline -0.003 -19"><span class='ocrx_word' id='word_1_24' title='bbox 7 654 11 661; x_wconf 89' lang='lat'>·</span> <span class='ocrx_word' id='word_1_25' title='bbox 110 626 189 687; x_wconf 82' lang='lat' dir='ltr'><strong>met,</strong></span> <span class='ocrx_word' id='word_1_26' title='bbox 210 611 331 672; x_wconf 86' lang='lat' dir='ltr'><strong>srnndo</strong></span> <span class='ocrx_word' id='word_1_27' title='bbox 353 621 552 691; x_wconf 69' lang='lat' dir='ltr'><strong>conquassata</strong></span> <span class='ocrx_word' id='word_1_28' title='bbox 573 622 604 672; x_wconf 88' lang='lat' dir='ltr'><strong>et</strong></span> <span class='ocrx_word' id='word_1_29' title='bbox 630 632 745 694; x_wconf 83' lang='lat' dir='ltr'><strong>paene</strong></span> <span class='ocrx_word' id='word_1_30' title='bbox 776 607 884 671; x_wconf 85' lang='lat' dir='ltr'><strong>fracte</strong></span> <span class='ocrx_word' id='word_1_31' title='bbox 912 622 960 670; x_wconf 80' lang='lat' dir='ltr'><strong>cst</strong></span> <span class='ocrx_word' id='word_1_32' title='bbox 991 611 1033 677; x_wconf 82' lang='lat' dir='ltr'><strong>Nn</strong></span> 
     </span>
    </p>
   </div>
   <div class='ocr_carea' id='block_1_4' title="bbox 23 711 1033 801">
    <p class='ocr_par' dir='ltr' id='par_1_4' title="bbox 23 711 1033 801">
     <span class='ocr_line' id='line_1_6' title="bbox 23 711 1033 801; baseline 0.001 -24"><span class='ocrx_word' id='word_1_33' title='bbox 23 726 49 801; x_wconf 57' lang='lat' dir='ltr'><strong><em>f</em></strong></span> <span class='ocrx_word' id='word_1_34' title='bbox 109 715 192 777; x_wconf 85' lang='lat' dir='ltr'><strong>enim</strong></span> <span class='ocrx_word' id='word_1_35' title='bbox 219 711 293 773; x_wconf 88' lang='lat' dir='ltr'><strong>fidei</strong></span> <span class='ocrx_word' id='word_1_36' title='bbox 317 711 411 773; x_wconf 86' lang='lat' dir='ltr'><strong>rerba</strong></span> <span class='ocrx_word' id='word_1_37' title='bbox 437 724 525 788; x_wconf 87' lang='lat' dir='ltr'><strong>sunt,</strong></span> <span class='ocrx_word' id='word_1_38' title='bbox 554 715 611 776; x_wconf 86' lang='lat' dir='ltr'><strong>sed</strong></span> <span class='ocrx_word' id='word_1_39' title='bbox 638 714 850 798; x_wconf 86' lang='lat' dir='ltr'><strong>simpliciter</strong></span> <span class='ocrx_word' id='word_1_40' title='bbox 881 714 972 774; x_wconf 84' lang='lat' dir='ltr'><strong>carnis</strong></span> <span class='ocrx_word' id='word_1_41' title='bbox 987 739 1033 778; x_wconf 85' lang='lat' dir='ltr'><strong>nu·</strong></span> 
     </span>
    </p>
   </div>
   <div class='ocr_carea' id='block_1_5' title="bbox 10 812 1033 885">
    <p class='ocr_par' dir='ltr' id='par_1_5' title="bbox 10 812 1033 885">
     <span class='ocr_line' id='line_1_7' title="bbox 10 812 1033 885; baseline -0.006 -2"><span class='ocrx_word' id='word_1_42' title='bbox 10 832 15 839; x_wconf 85' lang='lat'>&#39;</span> <span class='ocrx_word' id='word_1_43' title='bbox 109 819 259 882; x_wconf 85' lang='lat' dir='ltr'><strong>mursntis</strong></span> <span class='ocrx_word' id='word_1_44' title='bbox 280 827 310 878; x_wconf 86' lang='lat' dir='ltr'><strong>et</strong></span> <span class='ocrx_word' id='word_1_45' title='bbox 329 812 402 876; x_wconf 84' lang='lat' dir='ltr'><strong>fidei</strong></span> <span class='ocrx_word' id='word_1_46' title='bbox 432 813 574 879; x_wconf 78' lang='lat' dir='ltr'><strong>luctantis</strong></span> <span class='ocrx_word' id='word_1_47' title='bbox 603 839 641 880; x_wconf 87' lang='lat' dir='ltr'><strong>ee</strong></span> <span class='ocrx_word' id='word_1_48' title='bbox 672 818 779 880; x_wconf 80' lang='lat' dir='ltr'><strong>valde</strong></span> <span class='ocrx_word' id='word_1_49' title='bbox 810 813 962 883; x_wconf 84' lang='lat' dir='ltr'><strong>infirmae.</strong></span> <span class='ocrx_word' id='word_1_50' title='bbox 993 820 1033 885; x_wconf 74' lang='lat' dir='ltr'><strong>Pu</strong></span> 
     </span>
    </p>
   </div>
   <div class='ocr_carea' id='block_1_6' title="bbox 32 898 1067 3684">
    <p class='ocr_par' dir='ltr' id='par_1_6' title="bbox 49 898 1032 1617">
     <span class='ocr_line' id='line_1_8' title="bbox 108 898 1032 1006; baseline 0.002 -24"><span class='ocrx_word' id='word_1_51' title='bbox 108 910 279 1005; x_wconf 84' lang='lat' dir='ltr'><strong>pemodum</strong></span> <span class='ocrx_word' id='word_1_52' title='bbox 299 916 328 978; x_wconf 89' lang='lat' dir='ltr'><strong>ei</strong></span> <span class='ocrx_word' id='word_1_53' title='bbox 349 918 529 979; x_wconf 86' lang='lat' dir='ltr'><strong>exciderunt</strong></span> <span class='ocrx_word' id='word_1_54' title='bbox 554 898 758 1006; x_wconf 80' lang='lat' dir='ltr'><strong>magnificae</strong></span> <span class='ocrx_word' id='word_1_55' title='bbox 790 917 872 980; x_wconf 84' lang='lat' dir='ltr'><strong>illae</strong></span> <span class='ocrx_word' id='word_1_56' title='bbox 901 920 1032 1000; x_wconf 80' lang='lat' dir='ltr'><strong>promissis</strong></span> 
     </span>
     <span class='ocr_line' id='line_1_9' title="bbox 109 1019 1031 1089; baseline 0.004 -5"><span class='ocrx_word' id='word_1_57' title='bbox 109 1044 180 1084; x_wconf 83' lang='lat' dir='ltr'><strong>nes:</strong></span> <span class='ocrx_word' id='word_1_58' title='bbox 203 1019 390 1081; x_wconf 71' lang='lat' dir='ltr'>Benedictus</span> <span class='ocrx_word' id='word_1_59' title='bbox 405 1019 664 1086; x_wconf 84' lang='lat' dir='ltr'><strong>benedicam-tibi</strong></span> <span class='ocrx_word' id='word_1_60' title='bbox 686 1038 753 1087; x_wconf 90' lang='lat' dir='ltr'><strong>eto.</strong></span> <span class='ocrx_word' id='word_1_61' title='bbox 779 1021 837 1084; x_wconf 85' lang='lat' dir='ltr'><strong>Illi</strong></span> <span class='ocrx_word' id='word_1_62' title='bbox 855 1023 940 1084; x_wconf 88' lang='lat' dir='ltr'><strong>soles</strong></span> <span class='ocrx_word' id='word_1_63' title='bbox 958 1037 984 1085; x_wconf 87' lang='lat' dir='ltr'><strong>et</strong></span> <span class='ocrx_word' id='word_1_64' title='bbox 998 1028 1031 1089; x_wconf 81' lang='lat' dir='ltr'><strong>nd·</strong></span> 
     </span>
     <span class='ocr_line' id='line_1_10' title="bbox 108 1121 1031 1204; baseline -0.002 -15"><span class='ocrx_word' id='word_1_65' title='bbox 108 1127 160 1189; x_wconf 86' lang='lat' dir='ltr'><strong>lae</strong></span> <span class='ocrx_word' id='word_1_66' title='bbox 178 1121 264 1183; x_wconf 81' lang='lat' dir='ltr'><strong>verbi</strong></span> <span class='ocrx_word' id='word_1_67' title='bbox 285 1135 315 1183; x_wconf 89' lang='lat' dir='ltr'><strong>et</strong></span> <span class='ocrx_word' id='word_1_68' title='bbox 334 1123 575 1204; x_wconf 86' lang='lat' dir='ltr'><strong>promissionum</strong></span> <span class='ocrx_word' id='word_1_69' title='bbox 597 1127 802 1188; x_wconf 77' lang='lat' dir='ltr'><strong>obscuratae</strong></span> <span class='ocrx_word' id='word_1_70' title='bbox 825 1136 914 1198; x_wconf 79' lang='lat' dir='ltr'><strong>sunt,</strong></span> <span class='ocrx_word' id='word_1_71' title='bbox 935 1135 962 1186; x_wconf 88' lang='lat' dir='ltr'><strong>et</strong></span> <span class='ocrx_word' id='word_1_72' title='bbox 978 1139 1031 1193; x_wconf 82' lang='lat' dir='ltr'><strong>tenu</strong></span> 
     </span>
     <span class='ocr_line' id='line_1_11' title="bbox 107 1225 1031 1313; baseline 0.003 -21"><span class='ocrx_word' id='word_1_73' title='bbox 107 1228 243 1292; x_wconf 78' lang='lat' dir='ltr'><strong>nubibus</strong></span> <span class='ocrx_word' id='word_1_74' title='bbox 263 1225 337 1287; x_wconf 89' lang='lat' dir='ltr'><strong>stris</strong></span> <span class='ocrx_word' id='word_1_75' title='bbox 351 1229 460 1288; x_wconf 86' lang='lat' dir='ltr'><strong>herum</strong></span> <span class='ocrx_word' id='word_1_76' title='bbox 476 1229 724 1311; x_wconf 74' lang='lat' dir='ltr'><strong>trepidationum</strong></span> <span class='ocrx_word' id='word_1_77' title='bbox 750 1241 788 1292; x_wconf 86' lang='lat' dir='ltr'><strong>ct</strong></span> <span class='ocrx_word' id='word_1_78' title='bbox 810 1249 917 1312; x_wconf 83' lang='lat' dir='ltr'><strong>paene</strong></span> <span class='ocrx_word' id='word_1_79' title='bbox 939 1230 1031 1313; x_wconf 79' lang='lat' dir='ltr'><strong>despen</strong></span> 
     </span>
     <span class='ocr_line' id='line_1_12' title="bbox 107 1328 1032 1418; baseline 0 -22"><span class='ocrx_word' id='word_1_80' title='bbox 107 1333 238 1396; x_wconf 83' lang='lat' dir='ltr'><strong>tionum.</strong></span> <span class='ocrx_word' id='word_1_81' title='bbox 278 1328 330 1390; x_wconf 85' lang='lat' dir='ltr'><strong>Ait</strong></span> <span class='ocrx_word' id='word_1_82' title='bbox 351 1328 452 1391; x_wconf 81' lang='lat' dir='ltr'><strong>enim:</strong></span> <span class='ocrx_word' id='word_1_83' title='bbox 485 1329 618 1396; x_wconf 78' lang='lat' dir='ltr'><strong>Occidet</strong></span> <span class='ocrx_word' id='word_1_84' title='bbox 645 1345 678 1394; x_wconf 87' lang='lat' dir='ltr'><strong>et</strong></span> <span class='ocrx_word' id='word_1_85' title='bbox 698 1333 870 1395; x_wconf 79' lang='lat' dir='ltr'><strong>vastabor</strong></span> <span class='ocrx_word' id='word_1_86' title='bbox 892 1353 953 1418; x_wconf 80' lang='lat' dir='ltr'><strong>ego</strong></span> <span class='ocrx_word' id='word_1_87' title='bbox 965 1346 994 1395; x_wconf 82' lang='lat' dir='ltr'><strong>et</strong></span> <span class='ocrx_word' id='word_1_88' title='bbox 1005 1337 1032 1398; x_wconf 79' lang='lat' dir='ltr'><strong>ds</strong></span> 
     </span>
     <span class='ocr_line' id='line_1_13' title="bbox 107 1431 1031 1513; baseline 0.003 -15"><span class='ocrx_word' id='word_1_89' title='bbox 107 1453 177 1498; x_wconf 87' lang='lat' dir='ltr'><strong>mus</strong></span> <span class='ocrx_word' id='word_1_90' title='bbox 197 1453 276 1504; x_wconf 86' lang='lat' dir='ltr'><strong>mes,</strong></span> <span class='ocrx_word' id='word_1_91' title='bbox 296 1431 408 1513; x_wconf 87' lang='lat' dir='ltr'><strong>plenus</strong></span> <span class='ocrx_word' id='word_1_92' title='bbox 428 1432 540 1497; x_wconf 87' lang='lat' dir='ltr'><strong>timore</strong></span> <span class='ocrx_word' id='word_1_93' title='bbox 560 1446 590 1497; x_wconf 93' lang='lat' dir='ltr'><strong>et</strong></span> <span class='ocrx_word' id='word_1_94' title='bbox 609 1434 814 1498; x_wconf 80' lang='lat' dir='ltr'><strong>diffidentis:</strong></span> <span class='ocrx_word' id='word_1_95' title='bbox 837 1450 872 1500; x_wconf 88' lang='lat' dir='ltr'><strong>et</strong></span> <span class='ocrx_word' id='word_1_96' title='bbox 893 1448 1031 1501; x_wconf 72' lang='lat' dir='ltr'><strong>morsum</strong></span> 
     </span>
     <span class='ocr_line' id='line_1_14' title="bbox 49 1533 465 1617; baseline -0.022 -14"><span class='ocrx_word' id='word_1_97' title='bbox 49 1548 54 1563; x_wconf 87' lang='grc'><strong>’·</strong></span> <span class='ocrx_word' id='word_1_98' title='bbox 104 1551 152 1604; x_wconf 89' lang='lat' dir='ltr'><strong>est</strong></span> <span class='ocrx_word' id='word_1_99' title='bbox 171 1533 381 1617; x_wconf 77' lang='lat' dir='ltr'><strong>desperatio·</strong></span> <span class='ocrx_word' id='word_1_100' title='bbox 460 1543 465 1552; x_wconf 68' lang='grc'><em>“</em></span> 
     </span>
    </p>

    <p class='ocr_par' dir='ltr' id='par_1_7' title="bbox 40 1626 1067 2842">
     <span class='ocr_line' id='line_1_15' title="bbox 184 1626 1032 1724; baseline 0.008 -22"><span class='ocrx_word' id='word_1_101' title='bbox 184 1636 246 1702; x_wconf 86' lang='lat' dir='ltr'><strong>Sed</strong></span> <span class='ocrx_word' id='word_1_102' title='bbox 265 1635 342 1700; x_wconf 88' lang='lat' dir='ltr'><strong>haeo</strong></span> <span class='ocrx_word' id='word_1_103' title='bbox 361 1647 407 1699; x_wconf 87' lang='lat' dir='ltr'><strong>est</strong></span> <span class='ocrx_word' id='word_1_104' title='bbox 426 1647 534 1699; x_wconf 84' lang='lat' dir='ltr'><strong>nature</strong></span> <span class='ocrx_word' id='word_1_105' title='bbox 552 1626 642 1700; x_wconf 72' lang='lat' dir='ltr'><strong>fideii</strong></span> <span class='ocrx_word' id='word_1_106' title='bbox 672 1641 816 1724; x_wconf 87' lang='lat' dir='ltr'><strong>quando</strong></span> <span class='ocrx_word' id='word_1_107' title='bbox 849 1642 904 1704; x_wconf 87' lang='lat' dir='ltr'><strong>sol</strong></span> <span class='ocrx_word' id='word_1_108' title='bbox 932 1641 1032 1710; x_wconf 83' lang='lat' dir='ltr'><strong>lnoetn</strong></span> 
     </span>
     <span class='ocr_line' id='line_1_16' title="bbox 107 1729 1031 1826; baseline 0.003 -17"><span class='ocrx_word' id='word_1_109' title='bbox 107 1729 231 1810; x_wconf 78' lang='lat' dir='ltr'><strong>eoelum</strong></span> <span class='ocrx_word' id='word_1_110' title='bbox 258 1752 304 1804; x_wconf 87' lang='lat' dir='ltr'><strong>est</strong></span> <span class='ocrx_word' id='word_1_111' title='bbox 331 1761 491 1816; x_wconf 85' lang='lat' dir='ltr'><strong>serenum,</strong></span> <span class='ocrx_word' id='word_1_112' title='bbox 525 1743 758 1826; x_wconf 86' lang='lat' dir='ltr'><strong>acquiescimus</strong></span> <span class='ocrx_word' id='word_1_113' title='bbox 790 1747 1031 1812; x_wconf 69' lang='lat' dir='ltr'><strong>consolationis</strong></span> 
     </span>
     <span class='ocr_line' id='line_1_17' title="bbox 104 1843 1032 1934; baseline 0.006 -26"><span class='ocrx_word' id='word_1_114' title='bbox 104 1844 292 1934; x_wconf 79' lang='lat' dir='ltr'><strong>proponitis,</strong></span> <span class='ocrx_word' id='word_1_115' title='bbox 313 1855 343 1906; x_wconf 91' lang='lat' dir='ltr'><strong>et</strong></span> <span class='ocrx_word' id='word_1_116' title='bbox 363 1843 517 1906; x_wconf 80' lang='lat' dir='ltr'><strong>canimus:</strong></span> <span class='ocrx_word' id='word_1_117' title='bbox 540 1846 586 1908; x_wconf 73' lang='lat' dir='ltr'><strong>&#39;l&#39;e</strong></span> <span class='ocrx_word' id='word_1_118' title='bbox 604 1845 708 1910; x_wconf 89' lang='lat' dir='ltr'><strong>Deum</strong></span> <span class='ocrx_word' id='word_1_119' title='bbox 733 1848 918 1912; x_wconf 83' lang='lat' dir='ltr'><strong>laudamus</strong></span> <span class='ocrx_word' id='word_1_120' title='bbox 939 1862 986 1913; x_wconf 87' lang='lat' dir='ltr'><strong>ete.</strong></span> <span class='ocrx_word' id='word_1_121' title='bbox 1001 1852 1032 1914; x_wconf 74' lang='lat' dir='ltr'><strong>Be</strong></span> 
     </span>
     <span class='ocr_line' id='line_1_18' title="bbox 104 1945 1032 2032; baseline 0.003 -20"><span class='ocrx_word' id='word_1_122' title='bbox 104 1949 249 2016; x_wconf 83' lang='lat' dir='ltr'><strong>nedicsm</strong></span> <span class='ocrx_word' id='word_1_123' title='bbox 285 1945 458 2008; x_wconf 88' lang='lat' dir='ltr'><strong>Dominum</strong></span> <span class='ocrx_word' id='word_1_124' title='bbox 493 1947 580 2010; x_wconf 88' lang='lat' dir='ltr'><strong>omni</strong></span> <span class='ocrx_word' id='word_1_125' title='bbox 619 1960 770 2032; x_wconf 84' lang='lat' dir='ltr'><strong>tempore</strong></span> <span class='ocrx_word' id='word_1_126' title='bbox 795 1964 860 2015; x_wconf 84' lang='lat' dir='ltr'><strong>eto.</strong></span> <span class='ocrx_word' id='word_1_127' title='bbox 920 1945 1032 2029; x_wconf 81' lang='lat' dir='ltr'><strong>„Rnrsu</strong></span> 
     </span>
     <span class='ocr_line' id='line_1_19' title="bbox 105 2044 1034 2132; baseline 0.001 -15"><span class='ocrx_word' id='word_1_128' title='bbox 105 2050 240 2117; x_wconf 72' lang='lat' dir='ltr'><strong>avertisti</strong></span> <span class='ocrx_word' id='word_1_129' title='bbox 265 2047 373 2111; x_wconf 83' lang='lat' dir='ltr'><strong>faciem</strong></span> <span class='ocrx_word' id='word_1_130' title='bbox 399 2060 499 2124; x_wconf 85' lang='lat' dir='ltr'><strong>taam,</strong></span> <span class='ocrx_word' id='word_1_131' title='bbox 530 2064 560 2112; x_wconf 87' lang='lat' dir='ltr'><strong>et</strong></span> <span class='ocrx_word' id='word_1_132' title='bbox 580 2044 676 2116; x_wconf 80' lang='lat' dir='ltr'><strong>fretos</strong></span> <span class='ocrx_word' id='word_1_133' title='bbox 704 2077 784 2118; x_wconf 89' lang='lat' dir='ltr'><strong>sum</strong></span> <span class='ocrx_word' id='word_1_134' title='bbox 819 2055 1034 2132; x_wconf 67' lang='lat' dir='ltr'><strong>conturhstod,</strong></span> 
     </span>
     <span class='ocr_line' id='line_1_20' title="bbox 104 2152 1035 2240; baseline 0.001 -21"><span class='ocrx_word' id='word_1_135' title='bbox 104 2156 208 2240; x_wconf 86' lang='lat' dir='ltr'><strong>inquit</strong></span> <span class='ocrx_word' id='word_1_136' title='bbox 228 2155 339 2217; x_wconf 80' lang='lat' dir='ltr'><strong>Psalm·</strong></span> <span class='ocrx_word' id='word_1_137' title='bbox 355 2152 404 2223; x_wconf 79' lang='grc'><strong>30.</strong></span> <span class='ocrx_word' id='word_1_138' title='bbox 427 2166 471 2231; x_wconf 80' lang='lat' dir='ltr'><strong>(v.</strong></span> <span class='ocrx_word' id='word_1_139' title='bbox 484 2159 632 2227; x_wconf 74' lang='lat'>8-10.).</span> <span class='ocrx_word' id='word_1_140' title='bbox 653 2159 736 2233; x_wconf 80' lang='lat' dir='ltr'><strong>„Ad</strong></span> <span class='ocrx_word' id='word_1_141' title='bbox 758 2172 806 2235; x_wconf 83' lang='lat' dir='ltr'><strong>te,</strong></span> <span class='ocrx_word' id='word_1_142' title='bbox 831 2159 982 2234; x_wconf 82' lang='lat' dir='ltr'><strong>Domine,</strong></span> <span class='ocrx_word' id='word_1_143' title='bbox 997 2158 1035 2221; x_wconf 77' lang='lat' dir='ltr'><strong>cls</strong></span> 
     </span>
     <span class='ocr_line' id='line_1_21' title="bbox 104 2249 1036 2346; baseline -0.001 -23"><span class='ocrx_word' id='word_1_144' title='bbox 104 2261 214 2335; x_wconf 76' lang='lat' dir='ltr'><strong>nabo,</strong></span> <span class='ocrx_word' id='word_1_145' title='bbox 242 2271 272 2320; x_wconf 89' lang='lat' dir='ltr'><strong>et</strong></span> <span class='ocrx_word' id='word_1_146' title='bbox 292 2259 331 2321; x_wconf 91' lang='lat' dir='ltr'><strong>sd</strong></span> <span class='ocrx_word' id='word_1_147' title='bbox 352 2258 453 2322; x_wconf 88' lang='lat' dir='ltr'><strong>Deum</strong></span> <span class='ocrx_word' id='word_1_148' title='bbox 483 2278 586 2321; x_wconf 86' lang='lat' dir='ltr'><strong>meum</strong></span> <span class='ocrx_word' id='word_1_149' title='bbox 612 2254 824 2342; x_wconf 80' lang='lat' dir='ltr'><strong>deprecabor.</strong></span> <span class='ocrx_word' id='word_1_150' title='bbox 874 2249 963 2346; x_wconf 79' lang='lat' dir='ltr'><strong>Quae</strong></span> <span class='ocrx_word' id='word_1_151' title='bbox 980 2261 1036 2322; x_wconf 75' lang='lat' dir='ltr'><strong>utili</strong></span> 
     </span>
     <span class='ocr_line' id='line_1_22' title="bbox 103 2360 1038 2448; baseline 0.002 -22"><span class='ocrx_word' id='word_1_152' title='bbox 103 2375 150 2427; x_wconf 88' lang='lat' dir='ltr'><strong>tss</strong></span> <span class='ocrx_word' id='word_1_153' title='bbox 169 2363 203 2424; x_wconf 91' lang='lat' dir='ltr'><strong>in</strong></span> <span class='ocrx_word' id='word_1_154' title='bbox 230 2360 389 2444; x_wconf 30' lang='lat' dir='ltr'><strong>sanguine!</strong></span> <span class='ocrx_word' id='word_1_155' title='bbox 408 2383 495 2437; x_wconf 86' lang='lat' dir='ltr'><strong>meo,</strong></span> <span class='ocrx_word' id='word_1_156' title='bbox 524 2362 598 2424; x_wconf 87' lang='lat' dir='ltr'><strong>dum</strong></span> <span class='ocrx_word' id='word_1_157' title='bbox 624 2362 786 2427; x_wconf 79' lang='lat' dir='ltr'><strong>descendo</strong></span> <span class='ocrx_word' id='word_1_158' title='bbox 817 2368 859 2428; x_wconf 88' lang='lat' dir='ltr'><strong>in</strong></span> <span class='ocrx_word' id='word_1_159' title='bbox 892 2368 1038 2448; x_wconf 83' lang='lat' dir='ltr'><strong>corruptio</strong></span> 
     </span>
     <span class='ocr_line' id='line_1_23' title="bbox 103 2458 1038 2550; baseline 0.001 -18"><span class='ocrx_word' id='word_1_160' title='bbox 103 2468 230 2532; x_wconf 79' lang='lat' dir='ltr'><strong>nem“?</strong></span> <span class='ocrx_word' id='word_1_161' title='bbox 270 2467 335 2531; x_wconf 88' lang='lat' dir='ltr'><strong>Hae</strong></span> <span class='ocrx_word' id='word_1_162' title='bbox 355 2460 499 2529; x_wconf 85' lang='lat' dir='ltr'><strong>videntur</strong></span> <span class='ocrx_word' id='word_1_163' title='bbox 519 2485 585 2526; x_wconf 88' lang='lat' dir='ltr'><strong>esse</strong></span> <span class='ocrx_word' id='word_1_164' title='bbox 611 2485 702 2527; x_wconf 86' lang='lat' dir='ltr'><strong>voees</strong></span> <span class='ocrx_word' id='word_1_165' title='bbox 729 2458 994 2550; x_wconf 79' lang='lat' dir='ltr'><strong>desperantium,</strong></span> <span class='ocrx_word' id='word_1_166' title='bbox 1014 2471 1038 2532; x_wconf 80' lang='lat' dir='ltr'><strong>si</strong></span> 
     </span>
     <span class='ocr_line' id='line_1_24' title="bbox 103 2554 1039 2648; baseline 0 -11"><span class='ocrx_word' id='word_1_167' title='bbox 103 2584 155 2637; x_wconf 72' lang='lat' dir='ltr'><strong>est</strong></span> <span class='ocrx_word' id='word_1_168' title='bbox 174 2562 247 2635; x_wconf 73' lang='lat' dir='ltr'><strong>ann</strong></span> <span class='ocrx_word' id='word_1_169' title='bbox 267 2573 325 2648; x_wconf 49' lang='lat' dir='ltr'><strong>(aar</strong></span> <span class='ocrx_word' id='word_1_170' title='bbox 345 2595 373 2634; x_wconf 74' lang='lat' dir='ltr'><strong>v.</strong></span> <span class='ocrx_word' id='word_1_171' title='bbox 389 2561 452 2642; x_wconf 71' lang='lat' dir='ltr'><strong>an</strong></span> <span class='ocrx_word' id='word_1_172' title='bbox 475 2554 654 2644; x_wconf 63' lang='lat' dir='ltr'><strong>„Domina</strong></span> <span class='ocrx_word' id='word_1_173' title='bbox 682 2559 851 2633; x_wconf 68' lang='lat' dir='ltr'><strong>dedomo</strong></span> <span class='ocrx_word' id='word_1_174' title='bbox 882 2574 924 2636; x_wconf 63' lang='lat' dir='ltr'><strong>aa</strong></span> <span class='ocrx_word' id='word_1_175' title='bbox 944 2573 1039 2637; x_wconf 65' lang='lat' dir='ltr'><strong>rursm</strong></span> 
     </span>
     <span class='ocr_line' id='line_1_25' title="bbox 40 2669 1067 2748; baseline 0.005 -11"><span class='ocrx_word' id='word_1_176' title='bbox 40 2695 44 2700; x_wconf 90' lang='grc'><strong>’</strong></span> <span class='ocrx_word' id='word_1_177' title='bbox 102 2670 236 2738; x_wconf 70' lang='lat' dir='ltr'><strong>snImsm</strong></span> <span class='ocrx_word' id='word_1_178' title='bbox 256 2685 371 2748; x_wconf 79' lang='lat' dir='ltr'><strong>meam,</strong></span> <span class='ocrx_word' id='word_1_179' title='bbox 400 2670 522 2732; x_wconf 82' lang='lat' dir='ltr'><strong>salvasti</strong></span> <span class='ocrx_word' id='word_1_180' title='bbox 552 2690 601 2731; x_wconf 90' lang='lat' dir='ltr'><strong>me</strong></span> <span class='ocrx_word' id='word_1_181' title='bbox 621 2684 638 2732; x_wconf 82' lang='lat' dir='ltr'><strong>a</strong></span> <span class='ocrx_word' id='word_1_182' title='bbox 658 2669 939 2740; x_wconf 82' lang='lat' dir='ltr'><strong>descendentibus</strong></span> <span class='ocrx_word' id='word_1_183' title='bbox 966 2679 1040 2741; x_wconf 76' lang='lat' dir='ltr'><strong>inle</strong></span> <span class='ocrx_word' id='word_1_184' title='bbox 1064 2702 1067 2709; x_wconf 92' lang='lat'>·</span> 
     </span>
     <span class='ocr_line' id='line_1_26' title="bbox 101 2764 944 2842; baseline -0.017 0"><span class='ocrx_word' id='word_1_185' title='bbox 101 2783 181 2842; x_wconf 65' lang='lat' dir='ltr'><strong>tumr</strong></span> <span class='ocrx_word' id='word_1_186' title='bbox 221 2778 407 2839; x_wconf 70' lang='lat' dir='ltr'><strong>lamentum</strong></span> <span class='ocrx_word' id='word_1_187' title='bbox 429 2773 551 2837; x_wconf 84' lang='lat' dir='ltr'><strong>erstde</strong></span> <span class='ocrx_word' id='word_1_188' title='bbox 573 2777 659 2833; x_wconf 83' lang='lat' dir='ltr'><strong>me“.</strong></span> <span class='ocrx_word' id='word_1_189' title='bbox 939 2764 944 2771; x_wconf 85' lang='grc'><strong>’</strong></span> 
     </span>
    </p>

    <p class='ocr_par' dir='ltr' id='par_1_8' title="bbox 32 2873 1045 3684">
     <span class='ocr_line' id='line_1_27' title="bbox 180 2873 1043 2955; baseline 0.002 -16"><span class='ocrx_word' id='word_1_190' title='bbox 180 2877 230 2939; x_wconf 84' lang='lat' dir='ltr'><strong>Ad</strong></span> <span class='ocrx_word' id='word_1_191' title='bbox 250 2877 333 2939; x_wconf 85' lang='lat' dir='ltr'><strong>huno</strong></span> <span class='ocrx_word' id='word_1_192' title='bbox 352 2878 482 2940; x_wconf 75' lang='lat' dir='ltr'><strong>niodum</strong></span> <span class='ocrx_word' id='word_1_193' title='bbox 495 2876 636 2937; x_wconf 69' lang='lat' dir='ltr'><strong>&#39;luctatur&#39;</strong></span> <span class='ocrx_word' id='word_1_194' title='bbox 663 2873 741 2936; x_wconf 77' lang='lat' dir='ltr'><strong>fides</strong></span> <span class='ocrx_word' id='word_1_195' title='bbox 765 2889 844 2938; x_wconf 86' lang='lat' dir='ltr'><strong>cnm</strong></span> <span class='ocrx_word' id='word_1_196' title='bbox 868 2875 1043 2955; x_wconf 84' lang='lat' dir='ltr'><strong>infirmitate,</strong></span> 
     </span>
     <span class='ocr_line' id='line_1_28' title="bbox 100 2970 1044 3067; baseline 0.002 -24"><span class='ocrx_word' id='word_1_197' title='bbox 100 2988 172 3043; x_wconf 73' lang='lat' dir='ltr'><strong>tura</strong></span> <span class='ocrx_word' id='word_1_198' title='bbox 193 2970 344 3041; x_wconf 81' lang='lat' dir='ltr'><strong>Diabolus</strong></span> <span class='ocrx_word' id='word_1_199' title='bbox 364 2993 395 3042; x_wconf 86' lang='lat' dir='ltr'><strong>et</strong></span> <span class='ocrx_word' id='word_1_200' title='bbox 420 2990 492 3040; x_wconf 79' lang='lat' dir='ltr'><strong>earo</strong></span> <span class='ocrx_word' id='word_1_201' title='bbox 520 2977 739 3054; x_wconf 57' lang='lat' dir='ltr'><strong>dominantum</strong></span> <span class='ocrx_word' id='word_1_202' title='bbox 771 2992 805 3041; x_wconf 84' lang='lat' dir='ltr'><strong>et</strong></span> <span class='ocrx_word' id='word_1_203' title='bbox 835 2995 975 3063; x_wconf 81' lang='lat' dir='ltr'><strong>sppsret</strong></span> <span class='ocrx_word' id='word_1_204' title='bbox 998 2984 1044 3067; x_wconf 87' lang='lat' dir='ltr'><strong>ipsi</strong></span> 
     </span>
     <span class='ocr_line' id='line_1_29' title="bbox 99 3070 1044 3167; baseline 0.003 -22"><span class='ocrx_word' id='word_1_205' title='bbox 99 3073 248 3157; x_wconf 84' lang='lat' dir='ltr'><strong>luctanti,</strong></span> <span class='ocrx_word' id='word_1_206' title='bbox 270 3096 334 3144; x_wconf 87' lang='lat' dir='ltr'><strong>non</strong></span> <span class='ocrx_word' id='word_1_207' title='bbox 355 3070 460 3143; x_wconf 77' lang='lat' dir='ltr'><strong>edesse</strong></span> <span class='ocrx_word' id='word_1_208' title='bbox 479 3079 612 3160; x_wconf 85' lang='lat' dir='ltr'><strong>amplius</strong></span> <span class='ocrx_word' id='word_1_209' title='bbox 640 3076 742 3139; x_wconf 81' lang='lat' dir='ltr'><strong>iidem.</strong></span> <span class='ocrx_word' id='word_1_210' title='bbox 787 3079 889 3144; x_wconf 83' lang='lat' dir='ltr'><strong>Siout</strong></span> <span class='ocrx_word' id='word_1_211' title='bbox 918 3085 1044 3167; x_wconf 79' lang='lat' dir='ltr'><strong>queritur</strong></span> 
     </span>
     <span class='ocr_line' id='line_1_30' title="bbox 99 3172 1045 3268; baseline 0.003 -21"><span class='ocrx_word' id='word_1_212' title='bbox 99 3184 152 3248; x_wconf 82' lang='lat' dir='ltr'><strong>hio</strong></span> <span class='ocrx_word' id='word_1_213' title='bbox 172 3185 281 3247; x_wconf 80' lang='lat' dir='ltr'><strong>Iacob:</strong></span> <span class='ocrx_word' id='word_1_214' title='bbox 305 3172 374 3268; x_wconf 78' lang='lat' dir='ltr'><strong>Ego</strong></span> <span class='ocrx_word' id='word_1_215' title='bbox 395 3181 492 3244; x_wconf 80' lang='lat' dir='ltr'><strong>factus</strong></span> <span class='ocrx_word' id='word_1_216' title='bbox 513 3202 581 3241; x_wconf 89' lang='lat' dir='ltr'><strong>sum</strong></span> <span class='ocrx_word' id='word_1_217' title='bbox 597 3174 826 3243; x_wconf 77' lang='lat' dir='ltr'><strong>abominabilis</strong></span> <span class='ocrx_word' id='word_1_218' title='bbox 851 3186 1045 3250; x_wconf 67' lang='lat' dir='ltr'><strong>omnihusr‘i</strong></span> 
     </span>
     <span class='ocr_line' id='line_1_31' title="bbox 32 3272 1044 3372; baseline 0.002 -22"><span class='ocrx_word' id='word_1_219' title='bbox 32 3291 35 3299; x_wconf 88' lang='lat'>&#39;</span> <span class='ocrx_word' id='word_1_220' title='bbox 99 3288 194 3367; x_wconf 78' lang='lat' dir='ltr'><strong>einis,</strong></span> <span class='ocrx_word' id='word_1_221' title='bbox 225 3283 380 3372; x_wconf 83' lang='lat' dir='ltr'><strong>conjectus</strong></span> <span class='ocrx_word' id='word_1_222' title='bbox 408 3305 478 3346; x_wconf 87' lang='lat' dir='ltr'><strong>sum</strong></span> <span class='ocrx_word' id='word_1_223' title='bbox 504 3283 536 3343; x_wconf 88' lang='lat' dir='ltr'><strong>in</strong></span> <span class='ocrx_word' id='word_1_224' title='bbox 564 3295 732 3345; x_wconf 78' lang='lat' dir='ltr'><strong>extremum</strong></span> <span class='ocrx_word' id='word_1_225' title='bbox 760 3272 976 3365; x_wconf 80' lang='lat' dir='ltr'><strong>perieulum,</strong></span> <span class='ocrx_word' id='word_1_226' title='bbox 999 3310 1044 3352; x_wconf 84' lang='lat' dir='ltr'><strong>nen</strong></span> 
     </span>
     <span class='ocr_line' id='line_1_32' title="bbox 98 3384 1043 3472; baseline -0.001 -19"><span class='ocrx_word' id='word_1_227' title='bbox 98 3392 186 3453; x_wconf 84' lang='lat' dir='ltr'><strong>aliud</strong></span> <span class='ocrx_word' id='word_1_228' title='bbox 206 3391 321 3464; x_wconf 81' lang='lat' dir='ltr'><strong>sentio,</strong></span> <span class='ocrx_word' id='word_1_229' title='bbox 344 3401 438 3472; x_wconf 88' lang='lat' dir='ltr'><strong>qnam</strong></span> <span class='ocrx_word' id='word_1_230' title='bbox 453 3384 626 3448; x_wconf 76' lang='lat' dir='ltr'><strong>interitum.</strong></span> <span class='ocrx_word' id='word_1_231' title='bbox 668 3384 732 3448; x_wconf 77' lang='lat' dir='ltr'><strong>Uni</strong></span> <span class='ocrx_word' id='word_1_232' title='bbox 753 3385 806 3447; x_wconf 79' lang='lat' dir='ltr'><strong>hie·</strong></span> <span class='ocrx_word' id='word_1_233' title='bbox 838 3384 925 3466; x_wconf 78' lang='lat' dir='ltr'><strong>fides</strong></span> <span class='ocrx_word' id='word_1_234' title='bbox 946 3403 978 3453; x_wconf 80' lang='lat' dir='ltr'><strong>et</strong></span> <span class='ocrx_word' id='word_1_235' title='bbox 996 3412 1043 3452; x_wconf 76' lang='lat' dir='ltr'><strong>me</strong></span> 
     </span>
     <span class='ocr_line' id='line_1_33' title="bbox 47 3484 1042 3576; baseline -0.001 -18"><span class='ocrx_word' id='word_1_236' title='bbox 47 3484 51 3496; x_wconf 54' lang='lat'>⁸</span> <span class='ocrx_word' id='word_1_237' title='bbox 97 3494 197 3558; x_wconf 88' lang='lat' dir='ltr'><strong>moris</strong></span> <span class='ocrx_word' id='word_1_238' title='bbox 218 3489 487 3576; x_wconf 71' lang='lat' dir='ltr'><strong>promissionum?</strong></span> <span class='ocrx_word' id='word_1_239' title='bbox 528 3489 593 3551; x_wconf 84' lang='lat' dir='ltr'><strong>Gor</strong></span> <span class='ocrx_word' id='word_1_240' title='bbox 614 3497 675 3552; x_wconf 80' lang='lat' dir='ltr'><strong>aon</strong></span> <span class='ocrx_word' id='word_1_241' title='bbox 696 3486 778 3551; x_wconf 85' lang='lat' dir='ltr'><strong>illud</strong></span> <span class='ocrx_word' id='word_1_242' title='bbox 794 3493 947 3556; x_wconf 86' lang='lat' dir='ltr'><strong>animum</strong></span> <span class='ocrx_word' id='word_1_243' title='bbox 967 3495 1042 3557; x_wconf 85' lang='lat' dir='ltr'><strong>indn-</strong></span> 
     </span>
     <span class='ocr_line' id='line_1_34' title="bbox 97 3578 1040 3684; baseline -0.002 -22"><span class='ocrx_word' id='word_1_244' title='bbox 97 3598 157 3662; x_wconf 76' lang='lat' dir='ltr'><strong>oitr</strong></span> <span class='ocrx_word' id='word_1_245' title='bbox 179 3598 332 3661; x_wconf 79' lang='lat' dir='ltr'><strong>Adversus</strong></span> <span class='ocrx_word' id='word_1_246' title='bbox 352 3593 453 3656; x_wconf 88' lang='lat' dir='ltr'><strong>Deum</strong></span> <span class='ocrx_word' id='word_1_247' title='bbox 472 3578 685 3675; x_wconf 70' lang='lat' dir='ltr'><strong>promisisti,</strong></span> <span class='ocrx_word' id='word_1_248' title='bbox 706 3600 961 3684; x_wconf 73' lang='lat' dir='ltr'><strong>quantomagis</strong></span> <span class='ocrx_word' id='word_1_249' title='bbox 981 3620 1040 3663; x_wconf 84' lang='lat' dir='ltr'><strong>ooo·</strong></span> 
     </span>
    </p>
   </div>
   <div class='ocr_carea' id='block_1_7' title="bbox 0 0 1122 4034">
    <p class='ocr_par' dir='ltr' id='par_1_9' title="bbox 0 0 1122 4034">
     <span class='ocr_line' id='line_1_35' title="bbox 0 0 1122 4034; baseline 0 1"><span class='ocrx_word' id='word_1_250' title='bbox 0 0 1122 4034; x_wconf 95' lang='lat' dir='ltr'><strong> </strong></span> 
     </span>
    </p>
   </div>
  </div>
 </body>
</html>
