2236 4034
107 146 177 233 '130
263 105 947 253 'l'rigaeimumeaoundnmneput
1033 140 1041 151 “

115 310 151 375 in
170 306 380 392 descriptione
403 307 499 394 hujus
526 296 713 371 tentationis.
754 305 823 380 Est
855 304 946 371 euim
972 322 1059 370 meno

117 410 214 475 rebila
235 411 422 493 exemplum,
442 409 620 495 cujusmodi
640 409 739 473 multa
758 408 797 472 in
812 409 981 494 roripanra
999 428 1060 474 sano

116 527 150 581 tn
168 522 412 599 proponuntur,
444 513 766 595 quomodo-exerceat
787 509 890 575 Deua
911 521 1061 593 muare

116 618 210 683 tidem
231 638 338 680 eorum
366 612 458 678 variis
478 614 699 679 tentetionibue
724 627 758 678 et
788 611 1060 680 nnnrnlationihn

117 721 205 786 Siout
225 730 356 783 testatur
376 716 490 780 Psalm.
506 719 559 788 94.
581 726 624 794 (r.
642 722 738 792 1932*
752 716 988 795 „Secundum
1006 719 1059 781 mul·

116 823 283 889 titudinem
304 819 450 882 dolorum
472 840 611 883 meorum
632 822 665 884 in
686 822 782 884 corde
808 828 920 883 meo“
942 813 1058 886 uesta

116 925 156 989 lis
175 937 222 987 est
242 925 303 986 rita
323 923 413 998 haec,
443 923 538 1007 plena
558 923 723 988 doloribus
753 937 786 987 et
819 926 1002 1001 aerumnis.
1034 926 1058 990 lit
1104 959 1106 963 ·

115 1029 188 1094 ideo
201 1027 313 1090 ‘futura
333 1029 394 1091 ritu
413 1027 567 1110 promissa
587 1041 650 1104 eat,
680 1040 715 1090 nt
745 1047 809 1110 per
831 1027 1058 1111 petientiama

115 1131 365 1195 consolationem
385 1128 609 1210 scripturarum
631 1150 717 1213 apem
738 1119 938 1193 habeamus.
968 1128 1057 1194 lutera

115 1233 284 1297 miscentur
303 1232 378 1294 haec
398 1230 478 1307 duo,
498 1224 642 1315 patientia
666 1243 719 1296 ant
740 1229 954 1308 consolatio,
981 1245 1009 1296 et
1024 1235 1058 1297 tri·

113 1335 244 1402 bulatio
296 1335 459 1398 Praeterita
493 1333 576 1395 enim
612 1333 832 1398 consoletioue
870 1331 984 1397 omnia
1009 1349 1058 1401 aur

113 1461 268 1525 proapern
286 1450 317 1501 et
343 1436 441 1513 laeta3
469 1457 594 1499 rursum
620 1436 847 1521 ingruentibus
880 1440 1058 1527 tenebriset

113 1542 314 1607 tribulatione
332 1551 443 1624 regnat
463 1538 626 1615 Diabolus,
646 1553 677 1605 et
697 1536 911 1629 crucifigitur
925 1540 1057 1608 chenus

193 1640 365 1710 Erudimur
385 1640 484 1726 igitur
512 1639 560 1703 his
587 1643 753 1725 exemplis,
782 1664 827 1706 ue
858 1645 1058 1730 desperemus,

71 1812 74 1817 ⁴
114 1747 171 1814 sed
195 1768 429 1833 praesumamus
460 1743 597 1827 optima,
631 1758 661 1806 at
691 1747 860 1827 operamne
895 1763 1059 1815 certumst

114 1850 274 1934 copiosam
301 1847 525 1912 redemtionem
559 1858 589 1906 et
620 1842 713 1908 linem
743 1849 934 1930 mulorum,
971 1876 1058 1940 qnam

66 1986 69 1991 ·
111 1951 160 2017 rit
188 1951 222 2014 iu
247 1951 325 2034 ipsis
355 1949 443 2013 malis
473 1969 536 2011 uon
564 1945 635 2010 linia
662 1950 765 2028 ullae,
805 1974 870 2016 nec
899 1960 1057 2040 praenuntia

113 2053 173 2117 Dei
200 2053 410 2137 conspicitur,
438 2050 493 2114 sed
523 2050 701 2116 abscondita
730 2067 777 2118 eat
802 2056 921 2119 sensui
961 2061 1056 2124 carnit

111 2154 187 2219 ldeo
208 2154 389 2218 discendum
409 2163 440 2215 et
460 2153 666 2216 exercendum
686 2169 734 2220 eat
748 2156 904 2237 verbum,
926 2174 960 2226 at
978 2164 1056 2228 κίοι.

74 2312 77 2317 ⁴
112 2258 205 2334 dum,
234 2257 319 2341 qnod
339 2256 461 2320 soleant
487 2255 545 2318 hae
566 2271 734 2341 perpetuae
752 2260 837 2325 vices
863 2284 938 2329 esse
958 2265 992 2328 iu
1009 2269 1055 2330 rita

111 2372 287 2425 undarum
308 2373 340 2423 et
361 2359 499 2422 omnium
523 2360 731 2434 credentium,
761 2365 819 2446 qui
839 2368 986 2452 cupiunt
1002 2371 1053 2436 Deo

46 2524 55 2533 ,
110 2462 243 2546 plaeere.
285 2460 373 2524 Sicut
391 2463 493 2547 iuquit
513 2462 630 2524 Paulae
651 2465 777 2536 (otim.
793 2472 826 2543 3,
852 2475 945 2544 ωε
967 2471 1052 2550 „Ona

111 2582 184 2639 nee,
213 2561 268 2647 qni
296 2565 347 2646 pia
375 2564 484 2627 volunt
511 2563 632 2640 virere,
660 2570 924 2651 persecutionem
953 2578 1051 2661 patieu-

2 2666 4 2671 '
110 2671 201 2731 tnr“.
240 2664 284 2729 Et
313 2665 450 2730 iu-Actia
471 2667 546 2743 (14,
567 2673 651 2744 tto:
683 2671 773 2747 „Per
793 2666 922 2742 multas
942 2682 1051 2746 tribule

107 2765 208 2831 tiones
229 2778 354 2849 oportet
373 2788 432 2830 nos
451 2768 567 2833 intrare
587 2771 630 2855 in·
642 2793 774 2857 regnum
797 2778 874 2842 Dei.
909 2780 975 2847 Sed
995 2781 1050 2858 fide,

108 2866 151 2931 lis
170 2866 273 2942 Deua,
294 2868 350 2952 qui
371 2892 435 2934 non
455 2872 589 2954 petitur,
609 2895 668 2938 uos
688 2880 800 2940 teuteri
820 2903 927 2967 snpra
948 2885 1049 2949 rirea“:

108 2971 306 3056 quantumvis
326 2971 437 3036 rationi
457 2973 612 3038 diversum
632 2991 772 3062 apparet,
794 2994 826 3044 at
847 2984 982 3051 videtur
999 3010 1048 3053 oue

108 3071 161 3136 nis
188 3071 315 3137 tenutio
341 3073 507 3140 immodice
535 3090 566 3140 et
592 3077 809 3146 intolerabilia.
855 3085 952 3153 Siout
971 3092 1008 3156 ds
1023 3113 1046 3156 ss
1084 3126 1088 3143 ·

34 3225 64 3283 ,Ι
106 3175 209 3260 inquit
236 3174 374 3254 Paulus,
404 3179 561 3248 tcorml
583 3187 671 3256 (ι..8
691 3186 755 3257 9·)=
788 3185 989 3270 „Quoniam
1010 3213 1047 3257 tu

106 3299 164 3363 pra
191 3278 320 3342 modum
350 3282 470 3365 parati
493 3302 603 3346 eumue
631 3305 726 3370 supra
743 3288 932 3381 uirtutem,
964 3294 1005 3361 its
1020 3307 1047 3358 ut

105 3380 242 3445 taederet
262 3401 321 3443 nos
342 3383 431 3444 otiam
453 3384 600 3461 risere‘3
629 3376 860 3468 aednoueet,
892 3398 1046 3480 quodve

106 3481 219 3558 reneis,
246 3493 277 3545 te
295 3481 464 3549 immodice
484 3489 674 3550 oneratum
664 3488 704 3550 rri
733 3488 863 3570 aDeo,
896 3496 976 3583 quia
993 3519 1045 3571 na·

105 3598 156 3651 nat
173 3582 263 3648 lirme
284 3584 478 3665 urenda..
479 3586 614 3666 ,Fidelis
635 3590 751 3655 Dens“
771 3605 831 3667 clo.
929 3676 935 3683 ,
