2236 4034
320 178 330 199 ”
375 168 386 187 ’
433 139 611 280 genesin
939 192 1000 265 123

51 356 89 408 te·
112 338 305 409 henediotus
327 336 426 423 obiit,
456 354 487 404 et
506 336 635 424 reliquit
652 333 916 415 benedictionem.¹
955 338 1008 409 Et.
1093 348 1098 373 ¹

53 456 146 530 putet,
166 441 267 505 fnisse
286 453 408 519 uotum
428 439 647 511 reoidenulem
661 437 922 519 benedictionem,
939 464 1001 526 que

20 558 25 565 ·
52 545 239 613 benedixerit
267 542 298 607 ei
325 554 432 628 peter,
465 556 503 606 nt
530 543 657 612 heberet
685 543 917 624 portiunculam
944 545 1002 609 sdi-

13 684 20 701 ι
53 668 155 733 quem,
183 666 252 725 qun
281 645 318 709 in
344 645 452 709 exsilio.
471 659 503 707 st
523 644 772 733 peregrinatione
798 659 1003 739 sesustents·

14 744 21 791 t
52 761 99 817 ret.
137 744 288 829 F'uitqne
315 746 355 813 ei·
372 745 601 832 gratissimum,
630 745 717 827 quod
742 744 835 809 lsoob
862 768 926 812 nou
954 770 1004 815 rm

50 849 197 937 pugnavit
218 847 424 934 perentibus,
445 850 500 917 sed
519 861 584 913 tem
603 846 693 911 fenile
713 847 861 926 obedivit,
884 864 914 921 et
930 872 1004 920 oon·

49 964 156 1039 tentusx
176 951 312 1019 modion
341 951 435 1021 oessit
460 951 494 1015 m
520 952 680 1019 exsilium:
707 951 862 1032 potuisset
884 965 1003 1035 petrem

47 1072 175 1139 urgere,
206 1053 378 1138 cogitavit,
406 1068 442 1123 ut
468 1053 657 1137 emplioeem
676 1050 927 1119 benedictionem
947 1055 1005 1122 im«
1074 1126 1079 1135 Ι

48 1157 198 1243 pertint,
230 1155 313 1225 siout
342 1177 404 1243 ego
423 1158 569 1244 urgendo
599 1167 629 1218 et
648 1155 796 1219 instando
819 1155 952 1231 extorsi,
970 1168 1006 1217 ut

49 1280 129 1329 nuno
157 1258 195 1320 in
224 1258 327 1327 domo
355 1279 507 1327 moneam.
554 1258 617 1323 Sed
637 1271 708 1327 sunt
728 1258 886 1342 simplices
907 1259 1005 1327 homi·

50 1383 99 1425 nes
118 1372 213 1445 peter
240 1373 274 1423 et
294 1374 394 1431 meter
413 1375 444 1430 et
463 1361 556 1425 freter
576 1360 686 1432 Ieoobt
717 1373 859 1444 petentes
880 1359 1006 1425 mittunt
1043 1438 1050 1454 .

51 1460 148 1528 fitium
176 1461 214 1529 itt
241 1463 406 1542 exsilium,
437 1462 521 1527 iilius
548 1463 655 1529 obedit
689 1484 809 1524 summo
837 1464 1006 1542 voluntate,

55 1565 123 1651 quin
147 1564 296 1647 trepidat
323 1565 364 1628 ud
392 1586 477 1635 mess
505 1566 604 1635 mines
633 1579 663 1643 et
680 1567 760 1633 irem
787 1588 905 1644 meem3
933 1568 1007 1630 ideo

55 1667 223 1751 prudenter
244 1668 310 1729 sibi
329 1668 407 1760 fuge
426 1670 571 1735 morulis.
613 1668 685 1753 Ego
715 1666 797 1729 enim
818 1689 886 1729 sum
908 1667 1008 1729 domi·

56 1792 111 1839 nns
131 1782 162 1831 et
181 1768 357 1855 princeps,
386 1771 480 1841 Iseob
501 1782 547 1840 eet
574 1780 605 1839 et
624 1768 683 1839 fuit
709 1769 858 1832 haetenus
886 1790 1009 1857 semper

56 1893 168 1943 serm.
535 1904 540 1911 ·
941 1914 980 1955 μ’.

132 1972 310 2044 Pulchrum
338 1992 412 2041 seue
440 1974 614 2058 exemplum
643 1973 830 2059 impiorum,
866 1966 1011 2059 quis³sibi

59 2077 99 2142 sio
125 2075 268 2143 blandiri
301 2087 332 2138 et
358 2098 392 2141 se
421 2078 577 2146 consolari
606 2077 707 2139 solent
735 2075 828 2137 etiem
849 2075 1011 2159 scripturis

59 2179 184 2255 eunetis,
215 2197 298 2260 quse
326 2190 431 2238 tumen
468 2179 545 2262 ipsis
573 2200 773 2261 summopere
801 2179 1011 2247 adversentur.

60 2283 144 2349 Sient
172 2301 190 2344 e
220 2293 335 2346 contre
364 2281 507 2347 homines¹
526 2281 572 2365 pii
600 2294 630 2343 et
657 2281 798 2345 timentes
819 2279 923 2343 Deum
944 2302 1013 2345 sen·

61 2386 162 2449 tentius
190 2396 223 2446 et
246 2382 331 2447 diota
351 2404 412 2468 pro
433 2405 466 2446 ss
487 2397 517 2448 et
541 2385 574 2445 in
601 2404 690 2447 suem
708 2383 850 2464 ipsorum
871 2383 962 2443 vitem
984 2393 1013 2445 et

66 2489 313 2556 consolationem
333 2486 510 2563 invertunt,
531 2498 561 2548 et
575 2486 736 2567 neoipiunt
752 2499 899 2566 tunquam
913 2485 946 2549 iu
963 2486 1012 2547 sui

66 2594 272 2679 perditionem
294 2592 438 2675 prolets3
460 2590 569 2656 metuit
589 2588 660 2671 pius
680 2588 758 2651 irem
779 2588 853 2664 Dei,
875 2588 928 2651 uhi
945 2610 1014 2671 spo-

64 2695 152 2762 rends
172 2706 243 2757 eret
264 2691 500 2767 misericordis,
521 2714 538 2755 e
559 2702 668 2755 contre
687 2689 780 2772 impii
800 2692 839 2752 ed
859 2714 891 2753 se
913 2691 1015 2755 detor-

66 2808 154 2877 quent
182 2797 277 2863 loeos
305 2794 538 2857 misericordiae
566 2807 597 2856 et
617 2796 734 2880 gretiee
755 2793 885 2857 divinae.
927 2793 1015 2857 Siout

66 2896 204 2979 Pepistue
228 2911 261 2963 et
283 2899 380 2965 Turni
401 2897 573 2973 somnient,
593 2916 625 2963 se
647 2896 731 2959 solos
753 2917 818 2959 esee
838 2894 922 2961 filios
944 2898 1013 2960 Deo

65 3002 191 3064 dileetoe
220 3013 251 3063 et
280 3016 443 3087 receptos,
472 2999 642 3074 somnient,
671 3016 703 3061 se
730 3001 863 3063 residere
889 3003 923 3068 in
943 3001 1015 3065 sinu

21 3084 26 3107 ¹
65 3104 119 3171 Dei
139 3103 266 3179 Petris,
287 3106 429 3191 exemplo
446 3124 620 3187 poenarum
635 3112 665 3163 et
678 3095 931 3168 comminationes
944 3128 1017 3189 pro·

67 3207 150 3271 onle
172 3228 208 3269 se
227 3220 350 3275 emotus
371 3207 490 3271 volunt.
524 3206 573 3269 En
588 3223 662 3266 vero
675 3225 733 3266 nos
760 3208 1016 3289 pertimescimus,

24 3320 27 3325 '
70 3322 96 3371 et
112 3321 282 3392 putemus,
304 3309 347 3371 sd
366 3330 425 3373 nos
447 3321 478 3370 et
506 3308 604 3371 nostri
625 3307 832 3390 perditionem
852 3312 1018 3396 pertinere,

70 3435 135 3475 eum
154 3434 223 3477 non
245 3412 322 3473 velit
341 3430 400 3472 uos
420 3422 536 3477 terrers
555 3410 671 3489 Deus,'
683 3413 739 3476 sed
759 3414 925 3491 noneoleri,
947 3435 1019 3479 eon

70 3514 188 3585 firmare
209 3528 242 3580 et
263 3515 441 3591 exhilarare.

144 3618 198 3686 Sin
219 3616 432 3715 Eseuteidit,
458 3628 490 3681 et
516 3615 595 3684 vidit
615 3638 687 3689 oum
707 3616 860 3706 singulari
879 3616 1020 3701 voluptu-
