2236 4034
304 109 309 118 Ι
387 216 393 233 ,
468 156 639 247 genesis.
865 158 868 165 “
973 164 1031 231 113

72 317 215 388 pecceto,
242 318 272 370 et
301 310 421 397 melem
442 295 661 391 conscientiem
689 306 747 369 tibi
768 306 837 370 eliis
857 309 1028 381 sceleribus

73 411 256 472 accumules.
278 412 392 495 Atqui,
414 413 580 499 inquiunt,
610 412 702 474 nimie
730 409 905 479 miserabile
932 428 963 478 et
983 418 1026 479 ni.

74 512 127 574 mie
148 515 323 579 molestum
344 518 421 581 vitae
442 510 539 602 genus
559 519 620 579 est!
662 515 869 607 Respondent:
891 516 951 582 Eet-
971 518 1026 582 du·

75 617 136 700 plex
161 640 269 704 genus
289 616 388 698 vitoe,
418 619 552 686 eltcrum
581 634 628 684 est
655 615 794 704 peccati,
821 620 951 685 elterum
980 637 1026 688 est
1082 633 1086 654 ³

76 743 192 813 poenee.
222 718 291 786 lem
314 726 496 803 considers,
524 737 631 788 utrum
652 722 691 785 sit
711 710 841 786 melius:
867 724 968 789 vivere
988 726 1024 791 in

78 848 166 912 poene
187 826 257 889 eine
277 827 432 911 peccetis,
453 849 494 891 en
510 847 527 889 s
544 840 651 919 contre
666 818 700 890 in
718 827 854 911 peccetis
871 827 935 891 sine
950 828 1024 913 poe·

76 930 230 994 cellectio
263 930 311 993 sic
338 944 486 1016 corrupte
506 945 568 1008 est,
595 946 631 995 ut
661 953 778 1017 poenes
808 933 880 995 illes
900 933 1022 1018 pecceti

76 1055 128 1097 ron
146 1031 253 1118 possit
273 1055 374 1119 ecquo
395 1037 503 1103 animo
524 1035 613 1100 ferre.
636 1035 709 1098 Ideo
731 1033 850 1119 oppetit
870 1058 920 1114 ee,
941 1061 1022 1123 ques

74 1136 182 1214 euseb,
204 1138 290 1201 lecte
311 1152 340 1203 et
361 1138 499 1223 jucunde
519 1126 608 1217 eunt,
638 1162 761 1202 crucem
782 1152 884 1202 eutem
905 1153 936 1203 et
956 1161 1022 1206 mo·

72 1244 163 1308 lestiss
183 1241 284 1330 fugit.
307 1240 394 1307 Sicut
415 1239 556 1307 Socrates
577 1243 804 1328 interrogetoe,
832 1257 939 1308 utrum
959 1269 1021 1311 me·

70 1349 123 1411 lius
154 1347 258 1423 esset,
297 1347 410 1411 ducere
447 1368 591 1422 uxorem,
633 1368 673 1409 sn
709 1348 798 1410 non?
840 1351 1019 1432 respondite
1057 1344 1067 1400 ἶ

70 1452 227 1517 Utrumris
255 1449 389 1525 feceris,
410 1448 591 1532 poenitebis.
641 1449 675 1515 Si
697 1450 819 1515 dureris
840 1450 1020 1529 deformem,

70 1552 188 1638 hebebis
208 1574 368 1637 poenum,
389 1549 417 1613 ei
436 1549 605 1616 formosam
627 1554 767 1632 duxeris,
789 1555 916 1632 hebebis
936 1576 1020 1618 eom·

70 1679 197 1722 munem.
220 1655 283 1729 lllc
302 1654 337 1718 in
355 1675 492 1740 poenam
512 1671 632 1721 tentum
654 1672 684 1722 et
702 1658 835 1745 ebusum
855 1660 998 1743 respexit.

136 1827 343 1895 Christianus
364 1840 465 1892 eutem
486 1831 530 1894 sic
550 1831 584 1892 in
604 1829 743 1896 animum
763 1828 892 1895 inducet
908 1850 1017 1894 suum:

70 1930 304 1997 Contemnendo
325 1940 371 1994 est
391 1956 508 2017 poene,
540 1947 569 1996 et
598 1936 700 1997 omnis
729 1934 869 1998 molestie
890 1953 926 1997 ex
946 1945 1038 1997 ocu-'¹

70 2038 103 2099 lis
120 2024 332 2114 removenda,
359 2050 455 2123 etque
475 2037 651 2101 sedendum
679 2051 726 2099 est
752 2036 786 2098 in
806 2039 934 2101 nomine
955 2038 1019 2100 Do-

70 2141 152 2217 mini,
174 2142 254 2226 quie
278 2129 484 2229 cogitendum
505 2156 551 2205 est
572 2144 611 2206 de
632 2142 693 2205 vite
715 2141 779 2204 eine
800 2143 949 2224 peccetis,
979 2140 1019 2202 si-

70 2268 99 2308 ne
117 2245 342 2319 immunditie,
363 2247 431 2310 eine
451 2248 630 2330 pollutione
650 2259 680 2309 et
700 2245 853 2322 maculis,
879 2258 916 2307 ut
947 2263 1018 2326 poe·

70 2350 101 2412 tis
127 2349 246 2412 bebere
278 2348 399 2413 bonnm
427 2350 644 2413 conscicntiem
673 2367 779 2412 eorem
801 2349 879 2410 Deo.
940 2346 1018 2410 Non

70 2453 145 2516 enim
164 2453 362 2536 sperandum
388 2464 435 2513 eet
453 2474 606 2535 regnum,
635 2475 700 2515 non
720 2453 882 2515 beetitudo
903 2464 955 2514 eut
974 2450 1017 2512 ri-

70 2548 102 2619 n'
115 2570 239 2620 eeteros
261 2555 376 2617 imbec
396 2556 475 2618 rite:
497 2576 560 2616 non
580 2555 688 2618 sinunt
708 2557 769 2619 hoo
786 2567 947 2640 peccatum
959 2553 1017 2617 ori-

70 2659 156 2745 ginis,
173 2657 347 2722 infir-mites
368 2661 469 2722 cernis
490 2672 520 2722 et
541 2659 702 2721 Diabolus.
719 2712 723 2720 ,
740 2659 776 2723 Si
796 2673 899 2724 eutem
920 2659 1018 2723 omnis

70 2761 255 2826 referende
277 2775 325 2825 est
345 2761 487 2836 miserie,
509 2782 580 2823 oum
601 2763 669 2825 Deo
691 2764 795 2846 potius
815 2762 1016 2848 perferemus,

70 2890 151 2951 quem
172 2890 253 2931 oum
276 2866 432 2941 Diebolo;
453 2862 514 2949 qui
530 2865 614 2926 enim
634 2863 759 2948 fugiunt
780 2865 921 2949 conjugii
945 2887 1018 2927 one*

70 2991 106 3044 re,
132 2969 250 3034 vivunt
280 2970 409 3055 quidem
436 2991 561 3030 suavem
582 2982 612 3030 et
632 2971 802 3052 jucundam
823 2971 933 3044 vitem,
965 2970 1016 3031 be-

70 3073 129 3136 lent
158 3097 217 3137 sne
247 3089 368 3151 scorto,
400 3094 478 3157 qnee
507 3073 603 3137 modo
631 3073 797 3153 abjiciunt,
824 3075 919 3137 modo
940 3073 1017 3135 reci·

70 3177 148 3260 pient
169 3203 236 3264 pro
257 3179 408 3254 arbitrio,
430 3177 486 3238 sed
506 3177 684 3257 cujusmodi
699 3178 924 3240 conscientiam
939 3177 1016 3238 telos

70 3281 169 3345 lubere
192 3279 402 3365 putabimus?
433 3278 512 3342 Sene
533 3280 707 3362 pessimam.
749 3281 792 3343 Et
813 3281 901 3364 quod
920 3280 1017 3364 longe

70 3397 105 3448 cet
129 3385 379 3468 gravissimum,
407 3383 560 3445 sustinent
581 3384 612 3443 bi
636 3404 761 3468 quoque
782 3383 925 3456 cosdem,
951 3381 1016 3442 imo

70 3487 165 3570 plnres
193 3485 377 3562 molestias,
407 3484 520 3568 quibus
549 3482 721 3548 efficiuntur
748 3486 897 3550 escortis
917 3483 1017 3568 indig-

70 3591 148 3668 nius,
178 3612 281 3676 quem
302 3613 320 3653 e
343 3589 540 3680 conjugibus.
561 3589 604 3652 lte
626 3588 785 3671 duplicem
813 3609 947 3672 poenum
968 3610 1018 3650 eu·

97 3702 212 3758 numeru·
231 3701 285 3771 Op
304 3712 403 3777 erepet.
423 3700 474 3753 rol,
493 3698 545 3754 Vtt.
727 3699 749 3767 8
