2250 4042
101 187 105 204 ι
475 102 652 201 genesin
702 94 711 106 Ν
776 186 782 197 ,
823 182 827 187 ,
859 95 865 115 ’
957 112 1039 195 2215

90 270 288 344 aueptrnma
313 258 398 341 tribu
418 260 511 339 iuda,
539 261 642 328 donae
668 263 771 331 venio
790 264 897 330 Silo“.
938 266 1039 354 cuiue

88 361 240 427 adventur
260 385 331 428 uum
351 387 428 450 pree
447 365 568 432 soribna
587 380 687 446 eaaet,
715 368 843 437 curavit
863 371 1038 437 dominium
1081 364 1095 381 ”

88 465 211 553 cernale
226 464 358 545 laredlie,
379 480 481 555 atque.
492 470 695 553 ibiflerodea
716 456 880 559 ouoopavit
892 496 1036 560 regnunt·
1052 462 1055 469 ¹

88 567 255 662 Caeterum
275 573 389 639 maurit
408 574 586 642 benedictio
613 578 739 664 integra
758 600 859 666 araque
879 579 920 642 ad
940 581 1037 645 aelre-

87 671 164 737 toria
184 673 370 753 adventum,
392 678 448 764 qui
466 674 600 743 luctatus
620 694 667 744 eat
686 667 758 745 euin
777 680 882 745 Iacob.
923 681 970 744 lbi
990 683 1035 745 in-

83 781 228 844 ‘atitutum
249 794 295 844 eat
314 803 430 844 novum
451 795 482 846 et
502 785 613 849 melina
634 804 784 872 regnum,
804 784 838 846 in
859 806 922 869 qno
944 805 1034 850 verne

85 885 183 967 iarael
208 896 320 972 regnat
346 907 442 968 anper
462 890 585 952 eoelum
607 903 638 954 et
657 903 790 965 terram,
817 908 912 970 anper
933 887 1035 972 Auge·

86 989 135 1053 loa
157 1001 187 1052 et
207 988 400 1055 Daemouenz
429 987 457 1050 ai
477 992 605 1074 quidem
632 1013 724 1055 omne
745 1012 830 1079 genn
849 984 982 1055 sseetitttr
999 990 1033 1053 in

85 1096 214 1159 nomine
234 1095 305 1158 leau
325 1092 521 1172 eoeleatium‚
551 1095 747 1160 terrestrium
779 1106 810 1156 et
828 1092 1032 1156 infernorum.

85 1197 136 1261 lbi
156 1220 227 1263 vere
246 1198 377 1283 impleta
395 1205 448 1277 eet
460 1197 638 1263 benedictio
658 1196 767 1272 Iaoob,
792 1208 824 1259 et
849 1209 952 1259 tamen
973 1195 1032 1274 auh

85 1298 188 1386 figura
209 1323 335 1386 quoque
363 1301 597 1379 attremuit,
623 1302 667 1365 ito
693 1300 843 1365 attinet
863 1299 1033 1388 Edomaeia

84 1425 150 1467 uon
171 1405 377 1488 subjiceretur
394 1426 553 1488 unquam,
581 1405 655 1469 licet
675 1404 715 1468 ab
734 1403 776 1466 iia
795 1424 888 1491 aaepa
908 1424 1034 1491 oppug-

86 1518 211 1571 naretur
232 1520 262 1569 et
281 1517 449 1570 vexaretur.
853 1502 857 1519 ¹

165 1607 262 1690 Quod
283 1621 386 1671 autem
405 1608 497 1672 Iacob
518 1605 661 1669 humiliat
681 1618 712 1669 et
740 1604 882 1671 incurrat
909 1627 942 1672 ee
972 1605 1033 1670 hoo

84 1709 158 1772 looo
180 1729 285 1773 eorum
306 1707 420 1787 fratre,
449 1725 479 1774 et
507 1709 645 1794 appellet
666 1730 737 1771 eum
759 1709 938 1783 dominum,
966 1729 1033 1771 non

83 1811 127 1875 ite
147 1812 362 1896 accipiendum
382 1823 446 1889 eat,
466 1812 556 1896 quati
581 1808 618 1874 de
639 1811 856 1876 benedictione
876 1826 907 1877 et
928 1809 1031 1898 digni·

84 1929 148 1981 tete
168 1917 235 2001 ejua
262 1916 384 2002 aliquid
412 1915 600 1978 diminutum
621 1915 678 1990 ait,
705 1914 760 1978 aed
772 1962 788 1999 ,1
809 1929 844 1978 ut
868 1917 967 2002 vulgo
987 1916 1032 1976 lo·
1074 1993 1081 1997 .

84 2032 245 2102 quuntnr,
273 2033 346 2083 sunt
372 2022 466 2083 verba
494 2000 642 2094 honoria,
682 2039 759 2103 quoe
786 2040 850 2087 non
878 1997 1030 2102 obligant.
1073 2082 1077 2093 ,

82 2123 127 2188 Et
147 2123 206 2185 iata
227 2123 289 2185 aiae
308 2124 493 2200 reverentia,
514 2123 579 2185 eive
600 2122 773 2185 obedientia
794 2143 858 2186 non
878 2120 965 2183 affert
985 2141 1031 2182 ae·

84 2248 156 2290 oum
183 2227 382 2292 traditionem
410 2230 457 2295 rei
485 2243 515 2292 et
544 2225 694 2292 dominii:
730 2244 913 2308 quenquam·
936 2224 1030 2287 Iacob

83 2353 207 2394 nervum
235 2351 286 2406 ae,
313 2331 403 2395 illum
424 2355 498 2395 vero
519 2333 684 2413 dominnm,
701 2325 793 2404 dicit,
820 2340 923 2390 tamen
946 2327 1031 2397 Eaau

83 2453 149 2493 nou
170 2444 335 2515 propterea
365 2435 503 2516 possidet
530 2455 683 2518 regnum,
710 2450 768 2491 nee
794 2411 1029 2513 unquemejue

81 2535 313 2617 possessionem
339 2537 468 2620 adeptus
495 2549 551 2599 eet.
592 2534 740 2598 Procedit
768 2532 867 2617 igitur
892 2553 1032 2595 reveren·

82 2635 126 2699 tia
146 2656 181 2697 ex
201 2635 373 2700 humilitate
401 2639 550 2722 quadam,
578 2660 619 2702 ne
645 2635 808 2701 aeeuritate
830 2647 860 2697 et
887 2655 1031 2699 auoeeeru

82 2739 186 2804 efferri
212 2740 385 2818 videretur,
415 2765 479 2807 non
506 2764 543 2805 ex
571 2738 770 2804 translatione
790 2737 1030 2816 benedictionia,

83 2857 192 2926 eatque
213 2854 332 2906 tentum
353 2845 553 2910 honorarium
574 2863 697 2906 munna.
727 2837 848 2906 Deinde
868 2844 950 2908 uolet
970 2843 1032 2907 hoo

82 2944 118 3007 iu
139 2945 199 3006 vita
220 2943 306 3022 fieri,
325 2961 361 3012 ut
381 2947 557 3034 superiorea
577 2967 640 3009 non
661 2955 781 3009 tantum
801 2945 957 3029 aequales,
977 2943 1032 3008 aed

83 3046 174 3108 etiam
194 3043 357 3111 inferiores
376 3050 490 3113 blande
510 3062 540 3112 et
569 3044 741 3114 honorifica
761 3048 973 3132 compellent,
1001 3059 1032 3111 et

84 3145 221 3210 deferant
249 3148 292 3208 eia
327 3170 382 3211 ana
408 3150 518 3215 studia.
561 3152 613 3215 sia
640 3154 720 3217 euim
743 3152 852 3213 oaritaa
873 3149 959 3211 omni
980 3170 1032 3236 ge·
1120 3162 1124 3173 “

82 3272 157 3313 nero
180 3248 272 3311 officii
292 3263 321 3309 et
341 3253 528 3316 reverentiae
549 3255 627 3316 solet
651 3254 742 3315 etiam
765 3250 927 3315 inferiores
947 3252 1032 3337 jura-

82 3374 118 3415 re
138 3364 168 3413 et
187 3351 366 3433 provehere.
406 3355 459 3418 Sio
480 3368 586 3435 pastor
607 3355 755 3417 ecelesiae
781 3376 852 3417 uum
872 3353 958 3417 videt
977 3354 1032 3417 ati-

83 3477 178 3538 qnem
205 3466 354 3515 tentatum
386 3469 417 3519 et
443 3455 589 3518 afflictum
617 3459 823 3521 eonscientiae
850 3457 1031 3540 pavoribus,

83 3561 139 3642 qui
159 3559 404 3622 consolationem
423 3559 463 3622 ab
484 3580 525 3621 eo
544 3560 676 3643 expetit,
695 3562 787 3625 etiam
808 3558 988 3651 humillima
1003 3574 1033 3625 et
