2236 4034
465 188 650 285 genesin
714 178 715 182 ¹
978 205 1037 271 105

86 327 222 413 spicia,
250 343 340 396 curet
360 345 392 397 et
412 336 553 401 exaudiet
572 360 641 415 me,
663 337 760 421 idque
776 338 810 402 in
830 349 985 425 praesenti
1005 361 1037 413 ct

87 434 121 496 in
138 447 272 517 promtu
292 430 407 516 babeo,
428 442 550 503 temetsi
570 463 635 503 nou
655 457 808 522 apparent.
836 445 920 508 Vivit
939 451 1036 535 igitur

88 536 184 600 leccb
203 539 242 601 iu
263 541 330 603 sule
350 540 422 618 lide,
444 544 557 625 ejectus
573 543 695 618 misere,
717 543 868 608 solitarius
889 550 919 611 et
930 550 1035 635 inops,

91 639 169 703 uiltil
197 639 322 707 habens
348 642 384 705 in
411 668 525 726 manu,
553 646 613 709 uisi
641 645 788 710 baculum
815 662 843 711 ct
862 650 1034 719 buccellam

91 742 181 827 pecie
200 742 236 804 iu
258 746 394 810 sacculo.
495 764 499 768 ’

169 845 243 908 llos
268 858 316 909 est
334 846 460 912 initium
479 847 704 912 benedictionis
713 884 737 926 ,··
752 836 840 933 quii,
861 854 951 936 ,qrrod
978 875 1035 938 per

93 946 184 1012 fidem
205 947 376 1030 incipitur,
404 948 600 1013 id'nondum
630 950 775 1028 babetur,
804 953 857 1014 sed
887 968 1034 1036 speratur.

95 1050 180 1113 Siout
199 1051 294 1113 uobis
315 1052 461 1133 promisit
481 1055 574 1115 ritum
596 1067 750 1116 aeternam
765 1052 860 1129 Deus,
882 1054 961 1116 dedit
983 1057 1034 1118 ab·

95 1150 290 1229 solutionem,
312 1153 399 1216 dedit
418 1154 622 1237 Baptismum.
645 1159 732 1219 llanc
747 1157 878 1241 gratiam
899 1165 1034 1238 praesen·

96 1255 276 1320 teut'babeu
298 1276 358 1338 per
379 1253 556 1343 Christum3
586 1259 640 1331 sed
669 1274 810 1341 exspecto
831 1261 924 1320 vitum
940 1276 1035 1325 aeter-

96 1385 172 1439 um,
192 1383 278 1447 qnae
299 1359 495 1446 promittitur
515 1360 548 1420 in
566 1360 675 1422 uerbo.
718 1360 786 1423 lloo
805 1361 899 1423 verbu
922 1362 971 1443 qui
991 1363 1035 1422 ri·

96 1480 173 1546 runt,
194 1479 272 1529 sunt
294 1462 393 1527 cunuti
414 1475 445 1525 et
463 1462 565 1525 beati:
593 1463 687 1547 impii
714 1486 788 1527 vero
807 1476 928 1525 tantum
948 1483 1034 1544 pana

97 1591 154 1633 nou
173 1569 276 1631 rorbo
297 1568 427 1630 vivens·
453 1564 525 1627 ldeo
546 1588 602 1629 nec
622 1569 769 1642 credunt,
790 1589 848 1630 nec
868 1580 1035 1650 exspectant

96 1684 247 1735 aeternam
280 1669 385 1731 eitam.
425 1667 517 1733 lecob
547 1673 734 1752 exspectavit
761 1663 924 1732 LXXVII.
954 1673 1033 1733 auris

95 1774 228 1838 futuram
249 1772 510 1836 benedictionem.
550 1758 616 1833 lam
637 1784 801 1854 postquam
823 1793 891 1833 eam
912 1772 1033 1854 adeptus

97 1891 144 1955 at,
163 1877 299 1963 cogitur
318 1875 476 1951 ειιιιιΙαῐο,Δ
496 1887 589 1956 atque
612 1874 873 1958 incipit-regnum
895 1886 925 1936 et
946 1897 1033 1937 succ.

98 1981 213 2046 dotium
234 1981 307 2065 ejus
329 2000 399 2041 oum
417 1978 553 2040 maxima
573 1999 685 2052 eruce,
713 1977 841 2038 maxima
870 1979 1034 2044 catamitae

95 2099 122 2148 et
135 2084 282 2148 extrema
302 2081 443 2168 penuria.
466 2076 599 2167 Cogitur
614 2102 715 2141 carere
733 2081 917 2142 dulcissimis
937 2104 1035 2165 paren

93 2189 193 2265 tibus,
222 2199 424 2276 seponentes
445 2185 605 2251 carissimo
635 2181 707 2245 lilio·
729 2195 833 2248 carent
860 2198 923 2246 tam
943 2186 1042 2270 lungo

92 2302 246 2376 tempore.

173 2389 210 2454 st
239 2391 315 2475 quis
341 2404 444 2453 autem
471 2391 549 2453 haee
580 2388 681 2476 obiter
709 2400 827 2450 tantum
855 2389 987 2474 adspicit
1015 2378 1050 2455 et

100 2493 191 2572 rudit,
212 2505 309 2578 putat
328 2491 408 2554 levia
429 2489 582 2557 etfacilis
602 2515 683 2568 ease3
706 2491 759 2554 sed
776 2493 964 2574 experiundo
987 2494 1046 2556 dis·

99 2597 192 2672 citur,
223 2618 322 2678 quam
351 2595 391 2656 sit
411 2617 461 2658 res
489 2594 617 2657 difficilis
647 2606 677 2655 et
699 2594 791 2675 plenu
816 2595 1047 2671 tentationibus,

97 2700 275 2782 relinquere
296 2710 457 2781 parentes,
476 2697 739 2775 benedictionem,
760 2696 996 2773 haereditatem,
1017 2710 1047 2760 et

96 2799 208 2886 lugere
228 2800 262 2860 in
283 2799 394 2860 locum
415 2798 553 2861 miseriae
574 2813 603 2861 et
623 2799 821 2882 paupertatis.
857 2799 942 2862 Haec
963 2802 1046 2864 enim

98 2916 144 2965 est
165 2901 322 2964 mirabilis
342 2901 399 2962 illa
420 2900 602 2985 gubernatio
624 2901 700 2977 Dei,
731 2923 921 2983 quamcsru
951 2905 1046 2964 nauti-

98 3027 193 3088 quum
214 3003 298 3065 ferre
317 3016 434 3085 potest,
459 3004 534 3086 quia
553 3003 587 3064 in
607 3000 669 3066 fide
689 3004 840 3066 consistit.
862 3003 1048 3067 Scribuntur

97 3127 173 3168 veru
199 3107 260 3167 ista
290 3105 383 3168 nobie
403 3104 436 3165 iu
457 3105 649 3191 exemplum,
678 3118 713 3168 ut
739 3107 890 3169 diseamus
911 3109 1047 3188 pendere

100 3229 136 3270 ex
153 3207 304 3270 invisibili
325 3207 404 3283 Deo,
427 3219 458 3269 et
478 3229 513 3270 eu
530 3209 736 3292 requiescere,
759 3209 843 3291 quod
865 3209 972 3272 saltem
993 3210 1047 3274 hu-

100 3313 151 3395 jus
169 3306 340 3373 invisibilis
351 3322 390 3370 ct
408 3308 729 3391 incomprehensibilis
740 3309 797 3372 Dei
817 3313 945 3374 verbum
966 3333 1048 3374 com·

102 3411 313 3497 prehensibile
333 3411 490 3487 babemus.
510 3416 612 3493 Atque
628 3414 671 3474 itu
692 3413 784 3474 vitam
805 3430 942 3476 nostrum
963 3415 1049 3475 insti.

103 3525 241 3591 termus,
270 3525 307 3573 ut
326 3513 403 3575 nibil
426 3514 464 3576 de
484 3514 633 3577 invisibili
653 3531 790 3581 creatore
812 3530 918 3578 nostro
940 3499 1069 3586 habea-¹,

104 3637 169 3681 nus
189 3627 314 3700 praeter
335 3615 465 3689 verbum
486 3629 744 3700 etrasrsuauta,
765 3634 905 3711 parentes
926 3621 1000 3687 itsrn
1020 3633 1051 3689 et
