2236 4034
427 192 607 277 genesis.
787 261 791 271 ³
962 194 1003 261 91

124 339 162 403 lu
183 339 301 403 talibus
322 326 402 426 ergo
423 341 580 423 amumnis
611 339 844 423 praeparandus
872 351 920 402 eat
940 339 1005 401 ani·

47 466 115 507 mus
135 442 179 504 ad
195 441 389 525 patientiam,
409 440 446 505 nt
457 443 536 505 boni
551 443 749 506 consulamus
767 444 922 527 judicium
934 442 1004 505 Dei.

46 545 132 608 Nihil
155 544 246 605 enim·
264 543 389 606 nocebit
409 544 518 623 uoltis,
546 546 601 631 qui
620 544 846 630 poenitentiam
865 545 1007 632 agimus,
1039 602 1041 607 .

30 662 77 721 ,et
94 649 239 731 peccatis
259 647 432 731 impiorum
452 669 516 709 non
536 647 761 732 participamus
782 660 811 708 et
832 648 913 720 aerio
938 667 1008 708 cra·

50 772 125 813 moa.
168 749 237 812 Sed
259 771 314 811 vae
334 749 419 825 illia,
440 750 556 833 quibua
578 748 675 829 faeces
696 738 924 811 exhaurien'dae
940 746 1008 810 fue·

50 854 120 917 rint.
161 850 248 921 Nam
269 850 345 913 talea
366 872 401 913 ex
421 873 522 935 poena
540 854 682 939 irrogata
701 853 826 936 pejores
854 850 948 928 liunt,
977 861 1008 915 el

52 975 115 1017 uon
136 966 319 1039 agnoscunt
347 969 528 1037 peccatum,
559 957 644 1049 qnod
672 957 914 1032 commiserunt,
945 955 1008 1019 cla·

53 1068 134 1118 mant
157 1067 190 1117 et
209 1053 346 1116 fremunt
367 1069 500 1138 propter
512 1058 740 1133 calamitatem,
763 1082 828 1122 non
843 1061 952 1124 dolent
968 1061 1009 1125 da

37 1170 191 1242 ¹peccata.
233 1156 269 1219 Si
290 1171 422 1241 propter
451 1173 576 1239 peccata
603 1160 770 1239 clamares,
799 1150 959 1225 exaudiret
976 1176 1007 1225 te

58 1262 160 1337 Deua3
190 1261 249 1324 sed
269 1260 346 1345 quis
367 1261 559 1337 dissimulas,
590 1285 737 1339 excusas,
773 1261 912 1327 defendis
939 1285 1009 1348 pac-

59 1378 172 1441 catum,
194 1384 264 1425 non
285 1362 410 1425 audiam
430 1363 597 1426 clamorem
618 1379 706 1427 tuum
729 1365 767 1429 de
788 1360 918 1448 poena,'
933 1365 1011 1429 dicit
1033 1426 1042 1451 ἴ

59 1465 221 1528 Dominus.
264 1465 352 1528 Haec
373 1467 412 1529 de
433 1488 524 1531 causa
546 1469 641 1552 hujus
662 1468 854 1532 tristissimae
876 1482 906 1532 et
926 1470 1012 1532 subi·

59 1580 103 1630 tae
122 1567 234 1631 rniuao
254 1566 344 1631 Esau
366 1568 532 1654 cogitanda
553 1585 637 1646 aunt,
658 1583 693 1632 nt
714 1593 819 1633 causas
840 1593 1012 1655 poenarum

60 1671 236 1760 intelligere
266 1687 300 1736 et
326 1669 437 1756 fogere
466 1671 629 1735 discamus.
670 1671 714 1736 Et
736 1674 772 1735 in
793 1674 1013 1738 communibus

60 1774 203 1859 periculis
225 1795 320 1859 spem
341 1785 371 1837 et
390 1774 617 1839 invocationem
637 1778 844 1853 retineamus,
864 1796 904 1839 ue
924 1773 1014 1840 fracti

62 1875 282 1941 calamitatibus
304 1880 346 1941 ad
365 1877 482 1962 impios
496 1875 685 1943 deficiamus.
716 1932 719 1947 .
756 1892 761 1899 '
818 1946 824 1964 ι

129 1980 314 2067 Postquam
339 1980 438 2066 igitur
464 1979 607 2044 Rebecca
641 1984 762 2064 accepit
798 1983 946 2047 nuntium
975 1982 1014 2048 de

63 2081 134 2146 Esau
152 2083 240 2147 irato
265 2097 298 2147 at
318 2086 456 2168 spirante
485 2086 610 2177 caedem
638 2083 759 2164 fratris,
788 2086 962 2172 alloquitur
981 2084 1014 2151 fi·

61 2183 128 2246 lium
155 2184 280 2247 Iacob:
309 2183 448 2262 „Frater
472 2198 544 2250 tuns
574 2190 755 2252 consolatur
783 2211 816 2254 sa
845 2192 883 2254 de
912 2203 959 2267 te,
979 2203 1016 2253 ut

61 2287 175 2350 occidat
198 2293 284 2365 te“,
305 2289 429 2370 quaerit
448 2290 631 2365 vindictam,
654 2314 716 2374 qua
737 2313 769 2354 se
790 2292 972 2357 consoletur
985 2305 1016 2355 et

61 2391 244 2466 ulciscatur,
277 2412 359 2474 quaa
380 2404 427 2453 eat
447 2413 518 2456 esne
539 2398 675 2478 pessima
695 2395 877 2459 consolatio.
925 2395 1016 2481 Fuga

64 2492 153 2578 igitur
171 2492 213 2555 ad
236 2490 387 2572 fratrem,
414 2517 453 2558 ne
471 2508 626 2560 tentemus
656 2497 845 2573 Dominum,
875 2499 950 2560 cede
978 2498 1020 2564 ad

65 2609 182 2680 tempos
202 2592 313 2659 furori
333 2596 435 2673 Esau,
456 2619 495 2660 ne
517 2598 608 2659 detur
626 2596 718 2658 locus
738 2599 810 2661 irae.
861 2597 907 2660 lta
926 2601 1018 2662 inter·

61 2699 146 2782 ponit
166 2719 202 2761 ae
223 2697 463 2774 mediatricem,
480 2698 613 2761 necdum
634 2700 777 2784 desperat
805 2700 1020 2785 deplanando

61 2801 163 2878 Esau,
195 2801 282 2863 siout
304 2798 413 2863 caritas
434 2799 540 2865 omnia
560 2803 657 2863 credit
678 2815 708 2863 et
736 2816 849 2886 sperat.
897 2802 1020 2867 Deinde

63 2904 153 2966 etiam
176 2905 297 2981 orarit,
316 2919 353 2967 ut
374 2907 551 2989 placareiur
571 2925 626 2970 cor
645 2904 729 2986 ejus,
749 2905 846 2988 idque
865 2906 950 2971 haud
963 2909 1020 2970 du-

62 3007 110 3071 ltia
131 3009 230 3071 etiam
251 3008 416 3072 blanditiis
437 3023 466 3072 et
486 3007 666 3074 muneribus
683 3008 766 3090 apud
783 3007 887 3070 affines
902 3024 933 3071 at
945 3029 1023 3072 uxo·

63 3132 111 3173 res
131 3088 219 3196 egit,
242 3123 278 3173 at
298 3111 360 3193 ipsi
380 3113 493 3184 iratum
514 3113 599 3176 Esau
624 3109 870 3174 reconciliarent.
919 3108 1022 3192 Ipsius

66 3213 160 3275 etiam
181 3212 269 3275 Esau
293 3213 433 3276 animum
453 3215 582 3278 tentavit
601 3212 727 3276 blandis
747 3208 868 3285 verbis,
897 3230 937 3272 ne
959 3232 1024 3273 aaa·

67 3316 144 3378 niret
162 3326 346 3399 tantopere=
368 3315 449 3394 „Sis
469 3331 634 3381 contentas
655 3338 711 3392 eo,
740 3312 825 3396 quod
853 3323 944 3394 palor
964 3312 1025 3375 tibi

70 3415 258 3492 atuibait“,
280 3416 373 3494 dixit,
396 3434 472 3497 „sat
490 3418 625 3480 habesl‘.
666 3415 751 3476 Deus
772 3413 831 3476 alia
853 3423 884 3475 at
903 3413 1024 3495 majora

73 3517 167 3581 dabit.
209 3516 380 3600 Ejusmodi
401 3519 540 3585 consiliis
561 3530 593 3580 et
607 3515 829 3581 blandimentis
850 3534 906 3578 aaa
921 3515 1024 3578 estad

74 3622 324 3709 componendam
349 3624 475 3691 turbam
494 3621 591 3697 hauc,
619 3619 691 3705 quia
709 3618 771 3683 init
790 3613 974 3681 scutarius
993 3628 1025 3684 ct
