2236 4034
441 169 622 257 genesis.
971 178 1012 246 ⁴19

60 320 251 409 quebuut
278 317 365 382 dies
390 319 522 415 iactus
549 319 684 405 patris
710 320 805 398 mei,
834 337 875 388 et
895 330 1013 395 osci.

244 421 332 485 dum
352 419 488 500 Iacob,
509 419 856 487 fratrem'msum'

138 568 290 633 Diximus
324 566 363 628 de
399 567 592 663 poenitentia
622 567 712 632 istius
745 566 838 665 impii
873 558 1011 651 bominis

61 674 155 749 Esau,
177 670 265 757 quod
286 668 476 752 ploraverit,
497 683 536 746 et,
557 684 594 733 ut
614 672 825 757 Hieronymui
847 680 948 758 vertit,
969 679 1013 747 ir-'

60 772 193 860 rugierit
214 773 351 835 clamore
372 771 475 834 valido
494 787 627 858 propter
647 787 818 858 surreptam
839 780 899 844 sibi
911 785 1012 850 bane.

61 880 240 951 dictionem,
262 884 357 959 qnam
377 880 479 936 tamen
498 877 567 961 ipse
588 872 679 939 antea
698 897 755 938 sua
776 895 886 961 sponte
907 884 1012 949 vendi-

59 984 157 1045 derat.
199 979 296 1041 Nunc
316 978 604 1063 sequuntur'rerba
624 974 721 1063 digna
741 981 794 1041 tali
816 985 1010 1065 poenitenter

60 1084 163 1169 qualis
184 1081 270 1145 euim
290 1080 488 1164 poenitentis,
508 1080 579 1142 talis
600 1095 646 1147 est
667 1095 697 1145 et
716 1081 835 1146 fructus
851 1082 1011 1168 poeniteu-

56 1188 117 1250 tiae
137 1199 169 1248 et
190 1182 371 1247 satisfactio.
412 1184 465 1249 Sic
491 1184 653 1249 enimait:
681 1184 816 1272 „Prope
843 1200 914 1250 sunt
942 1184 1010 1254 dies¹

57 1294 159 1355 luctus
180 1286 278 1374 patris
299 1286 397 1349 mei“.
420 1286 554 1377 Quare?
574 1288 657 1373 Quia
672 1286 851 1351 interficiam
873 1286 1010 1355 fratrem.

56 1393 227 1458 Pulchram
254 1410 329 1453 veru
350 1386 597 1473 ¹poenitentium
635 1391 779 1455 irascitur
814 1412 879 1459 nou
904 1394 1010 1459 solum

56 1494 155 1571 fratri,
175 1494 236 1557 sed
256 1504 287 1557 et
304 1494 486 1578 parentibus
507 1504 538 1557 et
548 1482 626 1556 Deo
638 1482 710 1580 ipsi,
731 1497 820 1580 cujus
841 1496 930 1559 norit
943 1517 1011 1563 essa

56 1595 322 1672 mediationem,
342 1602 435 1678 atque
457 1594 536 1658 adeo
557 1595 596 1658 ab
618 1617 655 1659 eo
678 1597 747 1658 solo
762 1588 1009 1682 exspectanddin.

56 1703 110 1766 Sic
130 1700 255 1764 scilicet
274 1696 496 1782 poenitendum
517 1712 571 1761 est.
600 1699 699 1761 Antea
720 1699 876 1782 plorabat,
897 1701 1010 1767 clama-

57 1803 124 1865 ba:
146 1800 177 1863 Ο
201 1814 292 1884 puter
310 1800 405 1878 Isaac,
426 1799 554 1862 benedic
577 1801 712 1876 etmihi,
733 1802 798 1864 filio
820 1814 885 1865 tuo.
915 1792 1011 1871 Nund

60 1907 92 1967 in
117 1903 261 1967 furorem
289 1926 394 1968 versus
420 1902 612 1985 triplicatum
645 1903 849 1989 parricidium
881 1908 1008 1993 cogitat.

64 2008 200 2071 Primum
221 2006 310 2069 enim
330 2007 399 2068 vult
419 2004 544 2068 fratrem
565 2006 713 2071 occidere.
737 2006 805 2067 Hoc
827 2008 943 2073 scilicet
964 2004 1010 2075 esi

61 2111 124 2175 Deo
144 2110 327 2173 satisfacere
348 2128 408 2192 pro
431 2102 576 2170 dilicto
567 2130 600 2167 ιιι
625 2108 832 2190 poenitentia:
861 2111 937 2177 inde
957 2136 1010 2185 au-

59 2226 117 2276 tem
137 2227 303 2296 utrunque
324 2223 483 2294 parentem
511 2209 544 2269 in
564 2208 683 2271 luctum
703 2212 923 2296 gravissimum
943 2216 1011 2279 vult

59 2316 234 2400 conjicere,
264 2337 329 2398 quo
360 2312 457 2375 etilli
484 2311 726 2415 exstinguantur.
768 2314 910 2377 Fratrem
931 2314 1011 2383 iuste
1056 2394 1065 2411 .

61 2418 108 2479 rel
129 2417 250 2505 gladio,
273 2426 416 2499 parentes
437 2412 523 2474 luctu
544 2425 575 2474 et
595 2422 740 2475 moerore
764 2417 895 2499 necabit.
939 2422 1009 2521 Hoc

64 2521 119 2584 scit
146 2518 326 2582 futurum
316 2517 433 2600 impias
452 2515 555 2591 Esau3
585 2516 657 2579 ideo
688 2494 827 2599 prudens
855 2534 885 2583 et
912 2510 1011 2637 sitieris¹

63 2622 154 2699 dicit,
166 2643 198 2684 se
222 2621 284 2684 hcc
305 2621 416 2682 dolore
435 2631 581 2702 parentes
603 2630 811 2681 enecatarum.

677 2728 685 2753 b

136 2779 175 2842 td
195 2780 345 2841 nimirum
376 2789 423 2839 est
441 2776 606 2845 Diabolieo
627 2774 732 2839 furore
754 2787 784 2837 st
809 2777 924 2845 malitia
945 2801 1012 2843 cor.

57 2898 185 2967 ceptum
205 2902 291 2955 esse,
313 2880 390 2942 dum
410 2878 454 2941 sic
474 2878 604 2965 cogitat:
647 2878 681 2941 Si
701 2878 779 2939 mibi
798 2878 1013 2947 benedictione

58 2986 229 3050 carendum
251 2985 327 3057 erit,
356 2982 498 3056 efficiam,
525 2994 561 3041 ut
581 2993 611 3042 et
630 2981 743 3043 caeteri
765 3003 871 3044 omues
893 3003 926 3044 ea
947 2985 1013 3065 pri·

57 3102 187 3164 rentur,
217 3108 277 3148 nec
297 3084 412 3160 frater,
438 3105 496 3145 nec
515 3097 676 3166 parentes,
704 3105 806 3168 neque
826 3097 892 3148 tota
913 3088 1023 3149 eccla·-

58 3193 102 3254 sia
123 3213 195 3252 eam
216 3190 356 3251 retineat.
397 3186 480 3249 Nam
502 3187 565 3248 duo
585 3197 706 3245 tantum
729 3183 839 3249 iratres
860 3204 948 3265 sunt,
970 3192 1012 3255 ad

59 3316 140 3377 quos
161 3293 299 3376 pertinet
314 3289 516 3361 benedictio,
543 3284 608 3349 sira
627 3287 779 3353 successio
807 3290 897 3371 regni
918 3304 947 3353 et
968 3313 1012 3353 ss.

59 3397 202 3460 cerdotii.
237 3393 281 3455 Et
300 3393 328 3455 si
345 3394 441 3456 'laceb
463 3391 570 3453 fuisset
591 3386 728 3462 occisus,
749 3410 812 3452 non
833 3403 935 3453 tamen
967 3416 1013 3457 re·

60 3502 167 3563 diisset
196 3498 237 3559 ad
259 3496 342 3558 Esau
364 3495 534 3562 baereditas
560 3491 794 3554 benedictionis.
834 3493 897 3555 Aut
927 3499 1011 3565 enim

60 3604 98 3666 sd
118 3599 312 3685 supplicium
331 3611 440 3683 raptus
468 3607 565 3671 asset,
592 3608 649 3659 sut
664 3597 697 3657 in
724 3596 866 3659 exsilium
886 3601 1012 3685 ejectus,
