2236 4034
380 221 384 233 .
417 174 600 264 genesis.
697 178 705 188 “

64 338 70 375 ¹
96 332 114 343 ·“
178 350 263 397 m
276 323 429 405 Domino,
449 298 535 411 quod
547 322 701 387 Saiousou
720 324 908 406 postulasset
927 327 985 393 hu·

83 434 214 538 ἐμώ
230 451 304 493 uenu-
346 426 392 493 Et
412 426 490 491 dixit
508 427 665 491 Dominus
686 422 868 492 Salomoni:
897 430 984 515 Quis

186 530 348 597 tiverbum
367 530 446 607 hoo,
470 542 502 591 et
521 550 588 591 non
609 528 678 589 dies
697 527 803 609 petisti
822 531 881 594 tibi
901 534 983 597 naui.

94 633 98 644 ¹
140 660 183 703 oso
199 634 327 711 divitias,
348 646 404 698 aut
423 633 542 696 snimas
553 630 751 693 inimieorum
764 644 904 711 tuorum,
925 638 984 703 sad

169 740 202 802 ati
220 737 277 801 tihi
296 735 480 820 sapientiam
499 735 540 797 sd
556 734 796 798 discernendum
809 735 981 818 jndioioma

83 868 137 921 sese,
158 842 209 907 feei
227 841 282 903 tibi
302 836 475 900 seeundum
494 858 655 899 sermones
674 848 756 913 tuos,
778 851 808 900 et
827 841 901 904 dedi
920 844 983 909 tibi

73 947 235 1029 nesapieaa
256 955 288 1004 et
306 942 487 1028 intelligens
507 940 540 1001 ia
559 951 700 1014 tantum,
727 950 764 1001 ut
782 941 890 1005 nullus
910 959 982 1011 ento

63 1048 196 1129 uniti·
216 1044 262 1107 tui
281 1042 385 1119 fuerit,
407 1062 465 1105 neo
483 1054 557 1126 post
576 1054 607 1105 te
626 1054 855 1107 resurreatusus
875 1047 954 1112 sit“.

65 1176 82 1215 ¹
114 1206 239 1269 Disosnt
258 1202 357 1289 igitur
383 1198 503 1287 singuli
523 1196 683 1261 humiliter
703 1219 872 1285 agnoscere
892 1228 982 1273 suam

63 1289 288 1380 bieoiilitatem,
308 1315 338 1365 et
359 1321 376 1363 a
396 1300 465 1363 Deo
485 1300 669 1384 sapientiam
690 1313 720 1363 et
740 1300 909 1371 consiiiur'n
930 1310 983 1375 fla-

63 1396 133 1495 dent.
172 1412 254 1476 Non
284 1406 366 1470 enim
393 1404 464 1467 ideo
486 1403 673 1465 adhibentur
701 1404 740 1466 ad
768 1400 982 1489 gubernacula

63 1538 140 1591 nm,
160 1526 198 1577 ut
218 1510 391 1597 perfectam
411 1506 555 1568 omnium
568 1526 674 1569 rernm
688 1508 902 1593 cognitionem
920 1516 981 1580 sibi

62 1628 182 1703 sugent,
206 1613 265 1677 aed
278 1626 315 1674 ut
328 1610 518 1685 erudiantur,
538 1619 568 1671 et
584 1610 714 1686 discant,
735 1612 812 1697 quid
832 1616 980 1702 aitDeus‚

62 1724 104 1787 ,id
122 1730 218 1813 gerat
231 1737 291 1801 pes·
306 1713 523 1800 magistratum
537 1722 568 1773 et
583 1710 817 1796 gubernatores,
839 1720 894 1803 qui
909 1738 981 1789 sune

62 1847 144 1915 gaus
164 1841 304 1905 operum
325 1816 402 1890 Dei,
431 1811 595 1899 pertinse
615 1814 701 1875 Deus
721 1808 805 1901 regit
824 1818 979 1889 homines.

62 1928 77 1991 i
99 1947 172 1990 vere
203 1921 376 2008 prudentes
396 1914 475 1979 fiunt
502 1929 532 1979 et
551 1909 654 1978 felices
681 1918 715 1981 in
742 1919 980 2003 gubernatione.

62 2030 211 2093 insulem
242 2045 298 2085 aus
319 2020 449 2083 consilia
470 2032 500 2082 et
528 2020 735 2115 cogitationes
756 2046 825 2088 suaa
846 2052 981 2115 aequun.

62 2154 90 2209 r,
109 2128 190 2193 nihil
211 2138 295 2188 reete
316 2134 439 2210 gerunt,
459 2122 512 2185 sed
527 2121 654 2185 turbant
667 2136 697 2187 et
716 2126 849 2192 miscent
865 2135 980 2199 omnia.

61 2233 167 2297 roinde
197 2230 237 2292 ad
267 2228 442 2291 orationem
476 2222 725 2313 eonfugiendum
753 2244 817 2307 eat,
854 2246 885 2296 et
911 2236 981 2301 Dea

61 2332 239 2422 roponenda
262 2329 423 2393 difficultas
444 2328 598 2406 maneria,
625 2352 661 2395 ao
681 2332 862 2396 dicendums
889 2336 982 2401 Pater

61 2453 144 2514 oster,
165 2436 223 2521 qni
244 2458 277 2497 oa
298 2434 332 2496 in
356 2433 448 2496 eoelis
468 2444 525 2493 eto.
569 2432 648 2508 „Da
676 2432 753 2496 mihi
778 2436 898 2502 sedium
917 2454 982 2507 tua-

61 2566 108 2607 um
124 2537 308 2605 assistricem
330 2534 539 2619 sapientism“
560 2534 651 2621 (Sap.
673 2540 709 2613 9,
729 2534 785 2609 4.).

110 2687 146 2751 ln
166 2684 285 2770 primis
302 2703 376 2745 vero
392 2683 436 2745 sio
451 2695 519 2745 oret
533 2682 726 2769 gubernator
740 2682 981 2752 eooiesiastiouss

61 2789 166 2853 'omine
187 2789 294 2861 Deua,
314 2775 351 2849 tsi
370 2785 557 2850 eonstituisti
577 2807 628 2847 mo
646 2786 679 2847 in
702 2785 832 2849 eooiesia
852 2786 983 2872 Episco-

61 2914 123 2966 uns,
144 2904 326 2973 pastorem
348 2893 451 2968 rides,
471 2914 568 2977 quam
588 2890 650 2952 eim
671 2889 710 2953 sd
729 2902 849 2951 mutam
869 2905 983 2955 ettam

60 2996 152 3059 iffioile
170 3016 293 3057 munus
312 2995 495 3059 obeundum
516 2994 659 3075 ineptus,
687 3003 719 3054 at
738 2992 766 3056 ai
785 2993 906 3077 absque
926 3007 983 3059 tuo

60 3097 141 3161 exilio
163 3086 310 3174 fuissem*
331 3100 396 3181 jam
417 3099 536 3162 dudum
557 3096 732 3159 evertissent
754 3095 867 3158 omnia.
909 3097 983 3161 ideo

74 3198 204 3263 insono.
224 3198 301 3285 Ego
325 3202 453 3290 quidem
470 3222 507 3264 oa
528 3214 560 3265 et
578 3222 633 3265 oor
650 3198 807 3283 applicare
825 3197 917 3275 solos
930 3202 986 3264 do-

60 3303 100 3366 io
122 3302 308 3385 populum,
336 3300 454 3367 discam
473 3305 543 3388 ipae
570 3316 601 3367 at
621 3300 794 3364 meditabor
814 3302 985 3387 diligenter

73 3407 177 3469 verbo
203 3419 281 3480 tuo;
310 3420 346 3468 tu
367 3428 417 3469 me
435 3406 642 3469 instrumento
663 3418 718 3466 tao
739 3416 842 3481 utera,
864 3420 985 3471 tantum

81 3507 298 3590 derelinquas
319 3533 380 3571 me.
414 3509 448 3573 si
469 3503 781 3583 animaduersam,
803 3506 895 3570 faoiie
916 3532 986 3591 per-

59 3614 129 3679 lero
153 3610 281 3676 omnia.
303 3611 471 3677 Diversum
490 3609 608 3674 iaciunt
628 3608 737 3675 Sestos
757 3616 787 3671 et
806 3607 985 3675 Rotteases.
