2236 4034
430 164 612 265 ganesis.
952 183 995 251 95
1080 160 1082 167 Α

62 323 145 402 nimi,
168 322 372 411 mitigantur,
393 325 579 410 placantur,
605 338 641 391 ut
660 324 822 413 corrigant
841 328 995 405 malitiam

62 451 138 491 sam.
177 428 335 511 Tempora
356 428 539 495 defervescit
558 430 649 495 furor
668 428 722 491 illa
743 440 774 491 et
794 427 900 496 fanos·
918 434 994 499 irae.

61 532 81 593 :t
100 543 151 593 est
173 552 250 593 sana
270 532 458 611 verisimile,
486 533 574 618 quod
593 532 680 597 Esau
699 530 833 594 multum
853 535 994 619 placatus

61 637 79 696 it
97 633 167 695 illis
187 635 355 698 duodecim
376 649 429 699 aut
455 638 594 719 amplius
614 634 717 707 annia,
743 635 859 719 quibus
879 638 995 709 mansit

61 737 131 799 scol)
154 737 191 799 iu
213 737 451 824 Mesopotamia.
483 740 528 804 Et
548 739 674 802 accessit
693 759 853 803 successus
873 752 996 827 tempo·

61 839 133 915 slis,
163 839 202 901 de
227 862 291 925 quo
313 842 393 905 nihil
421 843 607 906 diminutum
636 838 713 903 fuit:
740 840 804 905 imo
830 856 920 905 aucta
948 856 994 907 ast

61 942 137 1026 npia
158 944 365 1024 praesumtio,
388 946 474 1027 quod
495 943 592 1007 nihilo
611 943 716 1005 minua
735 941 881 1005 retineret
900 944 995 1013 bena

61 1044 224 1118 ictioncm,
245 1044 274 1107 si
294 1045 420 1128 quidem
441 1048 534 1131 plana
555 1044 745 1108 contrarium
767 1043 863 1110 fiebat
882 1048 922 1111 ab
943 1069 994 1135 co,

61 1148 127 1211 uod
148 1159 218 1209 esst
236 1147 272 1209 in
292 1148 509 1213 benedictione
527 1148 629 1215 lacob.
671 1148 700 1209 la
730 1147 812 1209 anim
841 1159 906 1211 erst
926 1151 995 1233 qui-

61 1273 110 1313 em
130 1250 298 1313 iustitntus
320 1251 429 1315 haeres
448 1230 540 1337 regui
559 1262 589 1313 st
608 1249 784 1325 sacerdotii,
805 1251 860 1315 ssd
881 1274 994 1336 parum

61 1353 194 1429 accedit,
225 1352 301 1435 qnia
321 1352 447 1436 ejicitur
472 1353 506 1415 iu
533 1352 693 1425 exsilium,
721 1363 752 1413 at
779 1352 993 1437 maledictioni

61 1456 171 1517 insilias·
193 1455 266 1537 ejus
291 1452 423 1518 fortuna
442 1468 473 1520 st
493 1467 558 1517 tots
577 1451 798 1531 vitavimus,
825 1478 920 1541 qnam
940 1457 994 1521 bs-

61 1558 222 1623 edictioni.
266 1558 355 1623 Esau
384 1579 460 1621 vero
474 1557 593 1637 'manet
617 1555 652 1617 in
672 1558 889 1638 possessione,
921 1581 994 1623 cun

60 1686 115 1727 iasa
134 1677 256 1746 captus
276 1660 379 1725 oculis
394 1661 564 1725 odmen
580 1656 838 1745 gubernationem
858 1657 993 1727 familias

60 1779 69 1827 t
85 1765 250 1828 ecclesiae.
283 1765 360 1829 Ideo
382 1776 484 1828 manet
503 1763 648 1827 dominus
670 1761 782 1826 domus
801 1762 928 1827 absente
947 1762 995 1827 lar

60 1868 102 1944 ob,
121 1880 155 1929 et
176 1868 313 1931 usitatas
334 1890 455 1953 operas,
476 1867 555 1929 sicut
572 1867 729 1940 hacteuus,
751 1863 826 1927 obit.
839 1932 849 1947 Ι,
979 1928 986 1937 ,

108 1971 201 2034 ilaec
232 1992 307 2032 cum
333 1971 473 2034 viderent
500 1969 579 2032 duas
607 1990 703 2029 nurus
725 1968 900 2043 staffines,
929 1968 993 2050 ipsi

60 2093 163 2155 noque
201 2070 300 2136 facila
334 2073 569 2158 acquieverunt,
605 2071 796 2156 cogitantess
829 2070 891 2147 Eat
921 2093 994 2137 sans

60 2178 221 2239 suedictna
245 2176 310 2252 ille,
331 2197 391 2238 nos
411 2195 569 2237 manemus
588 2174 622 2235 iu
635 2176 742 2248 domo,
763 2174 832 2259 ipso
853 2187 899 2243 cat
919 2197 994 2261 pro·

60 2301 136 2362 igas.
181 2280 228 2343 Et
249 2284 385 2343 multum
406 2294 494 2342 aucta
523 2292 568 2341 eat
589 2275 663 2337 haec
683 2272 817 2351 fiducia,
846 2300 919 2342 cum
947 2293 995 2345 tot

59 2406 131 2445 unos
143 2383 280 2447 abesset
300 2384 411 2446 Iacob:
432 2382 547 2457 forsan,
567 2380 721 2451 dixerunt,
742 2378 885 2446 deliravit
903 2406 995 2451 senex

59 2507 138 2561 saac,
169 2487 323 2550 inductas
348 2489 383 2550 iu
402 2487 542 2551 fraudem
563 2503 621 2567 pes·
643 2480 790 2545 stolidam
811 2484 993 2552 Rebeccam.
1038 2569 1043 2577 .

59 2587 113 2650 lon
132 2588 258 2670 placuit
282 2590 355 2653 haec
374 2589 552 2653 benedictio
575 2588 660 2648 Deos
694 2598 725 2646 st
750 2607 902 2671 magnum
930 2589 995 2677 sig·

61 2710 113 2748 um
135 2702 202 2764 eat,
228 2692 316 2774 quod
338 2713 403 2754 non
424 2691 464 2752 ait
482 2690 678 2762 benedictus,
706 2687 780 2771 quia
800 2692 926 2775 cogitur
946 2715 994 2756 ex-

59 2791 149 2853 ilara.
171 2792 246 2855 Nos
259 2815 367 2856 sumus
383 2815 493 2855 uxores
513 2789 678 2876 principis,
698 2791 875 2871 sacerdotis,
896 2817 994 2859 unrua

59 2915 141 2970 iaec,
163 2894 218 2957 cui
238 2895 410 2977 promissio
431 2893 509 2957 facta
529 2907 589 2969 est3
611 2912 677 2953 non
697 2891 794 2975 igitur
815 2897 993 2960 curabimus

59 2996 211 3080 sgitisnm
230 2997 336 3060 istum.
379 2996 433 3059 Sic
454 2995 651 3059 hauddubie
682 3007 846 3057 senserunt
875 3018 994 3075 omues,

61 3099 96 3159 ui
116 3095 248 3161 fuerunt
268 3101 302 3161 iu
323 3090 441 3159 lamilia
461 3097 557 3160 Esau.
598 3099 732 3181 Quando
761 3099 845 3162 anim
872 3122 921 3163 ses
949 3123 995 3163 as-

59 3203 160 3264 nndae
183 3214 276 3276 aunt,
306 3212 336 3260 et
356 3200 475 3262 accedit
502 3199 580 3264 falsa
607 3200 764 3284 persuasio
794 3203 832 3266 ds
852 3205 995 3269 benedic-

58 3307 135 3376 ens,
158 3282 271 3365 statim'¹
290 3302 422 3364 dicitur:
446 3303 530 3364 Deus
552 3314 598 3363 est
611 3303 777 3384 propitius.
798 3307 994 3391 Prosperitas

60 3427 115 3468 ero
143 3417 177 3466 et
206 3403 307 3487 impia
336 3404 450 3487 opinio
476 3402 596 3466 faciunt
625 3406 776 3488 sapasboa
804 3422 836 3470 et
860 3428 994 3474 securos.

58 3507 93 3570 iic
113 3519 221 3590 potest
241 3502 327 3581 lieri,
356 3505 443 3588 quod
464 3505 550 3567 Esau
572 3507 662 3569 etiam
683 3509 841 3597 mitigatus
861 3509 902 3573 ait
923 3534 994 3573 cum

58 3609 193 3677 notibus
215 3623 246 3673 et
263 3609 386 3695 liberis,
407 3629 478 3674 cnm
499 3613 660 3695 cogitaret,
685 3611 750 3674 imo
773 3625 852 3677 assat
872 3634 996 3697 persus-
