2250 4042
485 116 720 260 genealt.··
867 184 872 193 “
946 182 1055 250 '28⁹'

95 294 510 398 :emanantium
574 320 886 423 Qumuutu
943 326 1043 405 ca·
1094 376 1098 387 -

343 440 468 516 euu-
517 430 789 534 anaema

93 600 355 670 Diritautem
376 603 711 677 Deua-'adluaohz
741 609 888 698 Surge,
916 615 1040 681 etad-

93 707 1041 801 aoeudernBetbal,etbabrta1b1Faoieaque

91 808 425 888 ibialtaraDeo‚
453 815 851 899 quiapparuittibi,
883 819 1041 903 qnando
1099 839 1101 849 ·

234 912 419 999 fugiebas
440 917 564 996 Euan,
590 915 761 984 fratrem
781 932 899 982 t..unm

172 1035 328 1102 Hactenus
349 1041 527 1106 Patriae-aba
548 1043 639 1106 lauob
669 1044 704 1106 in
724 1065 846 1108 rumano
869 1043 981 1107 dolore
1008 1055 1041 1108 et

91 1142 238 1226 augustia
259 1142 336 1221 luit,
356 1145 526 1208 tentatione
553 1145 613 1208 alia
641 1158 715 1230 poet
743 1146 838 1209 aliam
868 1145 1040 1232 ingruente.

91 1246 176 1307 Filia
195 1246 284 1308 unioa
304 1246 410 1309 vitiata
430 1258 490 1322 eat,
520 1247 600 1310 caeni
625 1261 697 1311 aunt
717 1247 913 1325 sichimitae,
948 1262 978 1311 et
1003 1235 1051 1312 οἱ

92 1370 130 1411 ea
157 1351 248 1412 caede
276 1351 389 1432 ingena
417 1349 591 1433 perieulum
621 1362 774 1424 meatum,
804 1370 867 1434 quo
894 1350 1040 1431 periiaaet

91 1451 159 1533 ipae
180 1464 209 1511 et
229 1464 292 1513 tota
318 1451 445 1526 domna,
476 1452 536 1512 ulai
565 1451 649 1514 Deua
677 1453 799 1514 texiaaet
824 1464 854 1514 et
882 1452 1040 1516 liberasset

91 1553 332 1636 periclitantem.
373 1553 509 1614 Deerant
530 1556 611 1616 euim
632 1553 745 1616 aurssia
766 1566 797 1618 et
816 1554 969 1637 praeridia
984 1557 1039 1618 bu-

91 1676 183 1718 mana
205 1654 325 1730 omnia,
347 1674 405 1716 neo
427 1665 501 1729 erat,
523 1655 578 1739 qui
595 1655 810 1719 noneolaretur
830 1656 1038 1720 miaerrimum

92 1772 123 1822 et
143 1758 375 1820 afflietiaaimnm
395 1766 524 1838 patrem.
563 1756 640 1819 Filii
660 1758 699 1819 ad
719 1758 971 1841 objurgationem
991 1779 1039 1821 re·

92 1858 287 1944 spondebant
313 1857 463 1942 auperbe,
499 1872 529 1922 et
558 1858 765 1940 juatilioabant
792 1882 916 1923 aauaam
948 1881 1037 1922 anam

90 1962 269 2047 peraimam.
310 1960 363 2024 Sia
388 1960 486 2044 igitur
512 1963 594 2024 ouria
623 1963 783 2048 eaeriaqne
804 1962 966 2026 doloribua
987 1984 1036 2026 ae·

91 2087 149 2151 ger
170 2067 284 2148 pendet
302 2065 383 2127 iuter
403 2062 526 2125 eoelum
558 2078 589 2127 et
615 2078 737 2128 terram.
778 2065 821 2128 Et
848 2065 964 2128 aooedit
990 2065 1036 2127 in·

90 2169 218 2232 firmitas
239 2167 325 2244 fidei,
347 2190 419 2231 oum
441 2187 501 2250 qua
522 2167 599 2229 adeo
622 2168 742 2230 duriter
760 2163 972 2237 oonfliotatur‚
1000 2177 1037 2227 ut

92 2272 292 2336 obliviscatur
321 2270 461 2333 omnium
490 2268 750 2350 promiaaionum‚
786 2291 864 2350 quaa
892 2267 1036 2350 profecto

91 2387 179 2438 erant
198 2370 400 2456 magnificae,
421 2382 451 2433 et
471 2371 612 2452 priorum
634 2369 725 2432 etiam
746 2369 981 2443 liberationum,
1001 2371 1037 2432 in

92 2480 205 2566 quibua
226 2498 351 2538 manum
371 2487 401 2538 et
421 2473 569 2535 auxilium
590 2472 718 2533 Domini
739 2484 882 2554 expertus
902 2472 1009 2534 fuerat.

171 2581 270 2643 Porro
292 2582 365 2640 haro
385 2575 522 2658 exempla
543 2574 670 2636 Patrum
697 2587 920 2654 proponuntur
941 2571 1038 2634 euola-

91 2682 144 2749 aiia
164 2683 294 2768 legenda
315 2692 345 2744 et
365 2678 526 2753 discenda,
553 2692 589 2737 ut
608 2675 732 2738 videant
752 2676 813 2763 pii,
835 2697 887 2738 eoa
910 2671 1039 2737 mirabi-

87 2790 161 2852 liter
180 2785 359 2851 eternitatoa
381 2801 445 2844 eaae
466 2802 523 2863 per
542 2777 755 2841 infirmitatem
785 2790 816 2842 et
834 2800 893 2861 per
914 2775 1039 2837 fortitu·

90 2891 203 2963 dinem,
225 2909 281 2971 per
300 2884 493 2966 triumphum
514 2896 544 2945 et
565 2881 780 2975 abjeutionam‚
800 2902 858 2963 per
878 2879 1038 2944 fortunam

62 3049 65 3053 .
89 3003 120 3053 et
138 2988 351 3061 infortunium
371 3000 406 3049 ut
425 2986 521 3050 variia
541 2970 756 3067 jaotntiouibua
778 2972 890 3046 bereot
911 2981 1040 3043 tandem

89 3105 240 3176 martyreo
259 3091 293 3152 in
314 3091 444 3153 odorem
465 3101 495 3152 et
513 3088 669 3170 virgulam
690 3084 785 3159 fumi,
805 3086 885 3144 aieut
906 3081 940 3142 iu
960 3078 1043 3141 Can·

89 3197 156 3260 tioie
177 3201 231 3270 (3,
252 3198 297 3264 6.)
319 3192 450 3264 dieitur,
469 3188 692 3262 auariaaimam,
713 3197 744 3248 et
763 3203 838 3247 uero
859 3181 894 3241 iu
916 3180 970 3241 eia
974 3190 1086 3259 per-

88 3298 166 3363 feote
187 3307 378 3359 mactaretur.
420 3292 541 3353 Deinde
567 3293 679 3354 (locent
706 3309 765 3351 noa
791 3287 871 3347 baeu
892 3281 1046 3363 exempla,

89 3411 210 3464 nostrae
232 3397 388 3481 paaaiouea
409 3395 544 3478 puerilea
565 3405 596 3454 at
615 3392 699 3453 lovea
720 3409 787 3451 aare
807 3384 956 3467 reapeotu
973 3382 1047 3444 iata·

88 3525 160 3565 rum
181 3519 406 3564 aerumnarum.
448 3497 523 3560 ldeo
544 3507 687 3577 petamus
708 3491 782 3553 iude
797 3484 1051 3558 noneolatiouaa,

88 3617 120 3670 et
142 3621 362 3687 praepuemue
379 3599 502 3665 animoa
522 3608 645 3661 noatroa
665 3597 705 3662 aul
723 3582 1064 3679 patiemimbau·

131 3712 243 3770 Lutlieri
261 3711 315 3785 Op.
334 3722 435 3786 exaget-
453 3706 506 3762 aul.
523 3704 592 3769 ltu.
716 3701 755 3767 19
848 3736 863 3755 ι
