2236 4034
99 184 160 261 116
259 182 509 273 vigesimum
530 185 750 272 septimam
770 195 892 271 capnt

25 409 30 426 ¹
97 360 133 407 cc
153 335 314 414 amors,
335 336 376 402 ds
394 320 538 401 ducenda
556 356 663 401 uxore.
703 330 955 420 aequalitatum
976 352 1052 397 uon·

97 441 180 532 tagii
209 440 268 538 fuit
297 440 432 518 virtuts,
461 438 658 506 ordinatione
687 451 720 503 st
745 439 909 502 vocatione
928 437 1052 511 diviua.

58 596 60 607 .
98 544 216 632 Quales
244 545 346 608 s'ntem
372 543 536 607 habiturus
563 544 604 607 sit
623 542 763 606 miserias
793 555 823 607 st
842 541 1002 633 molestius
1021 540 1054 603 in
1087 591 1089 595 ,

86 649 267 736 conjugio,
293 648 331 710 in
358 649 560 732 sequentibus
586 647 777 722 videbimns3
813 649 846 709 in
873 620 941 710 toto
969 643 1054 712 onim

98 753 249 840 conjugio
271 752 353 814 nihil
374 753 467 815 hubet
486 750 628 836 proprii,
659 750 738 853 nihil
765 750 839 815 laeti
870 763 901 812 et
922 747 1054 832 jucundi

99 871 228 944 praeter
248 855 388 941 prolem:
410 854 529 938 alioqui
549 867 596 915 est
615 832 825 932 miserrimus,
850 854 929 917 vivit
948 852 987 915 iu
1005 875 1053 915 ex·

57 1030 79 1045 Ἴ
100 950 195 1037 silio,
209 968 247 1022 et
267 959 364 1024 servit
384 978 494 1022 socero
516 956 644 1038 Laban,
659 959 722 1043 qui
743 979 814 1022 eum
834 955 970 1067 indiguis
989 977 1053 1021 mo·

88 1054 149 1127 ‘dis
170 1072 285 1125 tractat.

179 1194 348 1299 Ordinatio
376 1247 478 1299 autem
506 1249 536 1300 et
555 1213 684 1303 'vocatio
705 1237 744 1301 ad
773 1235 959 1323 conjugium
979 1235 1055 1298 haec

99 1350 160 1417 est,
181 1361 253 1404 cunr
272 1340 426 1426 praecipit
445 1340 532 1404 Deus
558 1364 616 1426 per
638 1362 674 1404 os
688 1341 837 1426 ‚parentis
866 1339 929 1424 ipsi
949 1337 1054 1415 lacob,

99 1456 135 1506 nt
156 1443 250 1509 ducat
269 1465 406 1508 uxorem.
428 1443 525 1506 Addit
545 1459 648 1507 autem
668 1456 756 1527 pater
776 1445 913 1508 alterum<
930 1441 1055 1505 manda·

99 1558 184 1623 tum,
214 1569 255 1609 nc
276 1568 312 1610 ex
334 1547 624 1631 Cananaeisunam
646 1548 781 1634 deligat,
811 1547 865 1610 sed
891 1545 999 1631 potius
1019 1565 1055 1606 ex
1086 1545 1092 1562 '

100 1646 224 1713 filiabus
251 1647 360 1725 Labeo
381 1649 440 1713 sibi
460 1649 591 1733 accipiat
609 1673 748 1715 uxorem.
799 1649 940 1714 Pertinet
958 1646 1055 1733 igitur

100 1754 167 1819 ltic
178 1755 268 1817 locus
296 1755 337 1817 ad
364 1753 539 1816 doctrinam
568 1755 607 1818 de
638 1746 820 1818 auctoritate
850 1766 882 1816 et
901 1773 1052 1817 consensu

100 1869 265 1942 parentum
299 1855 472 1919 necessario
503 1857 543 1919 ad
577 1858 735 1944 jungenda
764 1855 933 1923 connubia.
985 1854 1052 1919 Noa

84 1961 185 2031 ,enim
206 1940 397 2024 olendc'stina
417 1958 574 2076 sponsalia
594 1972 624 2022 et
644 1961 799 2024 connubia
818 1961 1054 2046 reprobavimus

91 2052 134 2130 'et
154 2062 385 2139 damnavimus,
413 2061 488 2146 quia
515 2073 588 2145 post
618 2077 756 2127 renotem
785 2064 989 2128 clarissimam
1008 2065 1055 2128 lu-

51 2155 53 2161 ⁵
101 2188 170 2234 cem
190 2147 345 2252 eiaogelii
365 2165 491 2243 scimus,
513 2167 600 2250 qnod
621 2167 803 2252 conjugium
825 2169 866 2232 ait
886 2190 937 2232 res
951 2179 1054 2233 sanctu

102 2281 133 2335 et
151 2266 254 2345 licitu,
275 2289 311 2331 ac
333 2258 437 2332 divino
458 2269 622 2332 ordinatio
663 2270 738 2332 Nun
759 2283 806 2334 est
825 2285 918 2356 turpe
939 2256 992 2335 ant
1009 2271 1052 2333 in·

100 2373 266 2443 honestum
294 2371 361 2437 fieri
387 2374 576 2458 conjugem,
604 2372 685 2435 siout
712 2386 783 2436 ante
808 2374 884 2438 haec
902 2386 1054 2457 tempora

101 2477 137 2545 io
154 2497 294 2541 errorem
307 2499 372 2562 ¹per
391 2477 565 2541 Monachus
591 2475 710 2540 inducti
730 2477 903 2556 sensimus,
933 2480 991 2543 sod
1008 2493 1055 2543 est

101 2576 310 2647 honorificum
329 2594 361 2644 et
381 2595 530 2644 sanctum.
553 2567 675 2641 Scimus
695 2579 839 2663 quidem,
860 2581 1055 2646 horribiliter

81 2676 83 2692 ³
103 2680 313 2748 deformatum
334 2703 400 2746 esse
421 2682 685 2766 concupiscentias
707 2702 769 2767 qua
790 2686 828 2748 de
848 2707 943 2749 causa
960 2685 1051 2749 nolti

101 2786 194 2872 turpe
215 2787 366 2850 duxerunt
386 2786 502 2848 ambire
521 2776 679 2868 puellam,
711 2788 891 2857 contrahere
920 2789 1052 2873 nuptias,

101 2903 249 2974 unquam
271 2887 394 2955 foedam
416 2900 446 2950 ct
465 2889 621 2972 impurum
641 2909 724 2950 rems
746 2911 812 2952 non
833 2892 919 2955 eninr
940 2891 1054 2970 discer-

102 2993 234 3061 nebatur
262 3012 343 3076 opus
377 2992 459 3056 illud
493 2992 704 3078 generationis
741 2992 782 3055 ab
815 2995 884 3057 aliis
911 2993 1055 3079 pacantis,

103 3094 294 3183 scortatione
313 3106 356 3157 -et
389 3094 557 3158 adulteriis.
596 3096 801 3178 Verumjam
827 3097 997 3161 didicimus
1025 3111 1056 3160 et

16 3278 18 3282 y
101 3201 177 3269 corti
196 3219 303 3263 sumus
325 3187 384 3261 Dei
404 3195 588 3273 beneficia„
608 3199 693 3282 quod
715 3200 760 3261 ‘sit
787 3200 974 3286 conjugium
1001 3201 1056 3263 lto·

101 3304 264 3380 notabile,
286 3301 364 3368 sicut
385 3301 506 3377 dicitur,
527 3300 740 3363 Hebraeorum
752 3306 797 3371 13.
819 3302 941 3378 (v.4.)=
963 3302 1054 3385 „Ho-

101 3405 242 3485 norabilc
262 3403 458 3468 connubium
477 3405 510 3466 in
532 3405 706 3481 omnibus,··
719 3419 750 3469 et
764 3419 858 3485 torus
876 3405 1054 3469 immacula-

101 3517 198 3586 tus“‚
218 3520 249 3571 et
269 3507 357 3592 quod
377 3506 416 3572 sit
437 3507 497 3599 Dei
518 3493 661 3573 voluntas
683 3522 714 3572 et
732 3509 898 3587 institutio,
915 3521 952 3572 ut
972 3509 1054 3593 quis·

89 3622 156 3697 qne
174 3611 294 3679 debut
312 3624 431 3682 cerum
449 3611 639 3701 conjugem,
656 3612 796 3701 legitima
816 3612 879 3699 silri
899 3604 1051 3698 junctam.
