2236 4034
400 212 404 223 .
437 200 441 207 ·
477 153 657 242 geneaia.
765 202 769 209 -
809 160 812 165 '
1004 153 1048 223 43

178 306 277 383 Item,
295 303 417 370 Hoaeae
437 308 467 373 3.
496 315 542 386 (r.
556 305 605 381 4)
628 303 757 369 dieitur:
783 301 972 381 „Sedebant
990 303 1049 373 filii

99 410 196 477 larall
216 402 286 473 aine
305 429 402 511 reguo,
422 410 488 474 aine
508 404 677 495 prinoipe,'
698 406 767 485 aine
787 407 956 489 aaerilioie,
982 411 1050 477 aine
1111 453 1113 457 -

86 516 211 595 ‚altam
240 513 306 578 aine
325 514 430 601 7³⁹⁸.
455 527 489 579 at
507 514 574 579 aine
595 516 735 610 illini]-
775 512 824 579 Ibi
844 535 910 580 noo
929 517 1051 583 ridetur
1099 603 1102 611 Ι

87 644 287 719 eonvenite,
314 643 340 705 ei
368 641 488 734 reddat,
503 641 631 737 0³22ss
662 640 767 716 idola,
793 656 828 704 ae
856 642 882 704 ai
911 644 1062 727 populna¹

99 746 164 814 Dei
182 746 340 811 hebniaaet
359 745 454 810 idola.
495 743 731 829 Sed²qnioquitl
750 756 811 822 eat,
839 766 909 809 meo
930 746 1050 832 'jndirio

100 862 134 916 et
153 851 326 914 aeonndnm
346 848 586 937 grammaticam
608 846 733 911 ridetur
761 846 934 935 aignifieare
962 864 1053 937 geno.

100 956 206 1021 naliter
225 951 462 1017 similitudinem
481 951 533 1014 nel
552 949 721 1035 imaginem
742 951 843 1016 'enltna
863 952 968 1032 (livini,
989 956 1054 1021 aire

100 1059 184 1136 veri,
212 1056 278 1123 aire
298 1055 379 1118 falei.
419 1053 529 1119 Laban
545 1053 659 1118 habuit
683 1053 837 1143 imagines
863 1057 1053 1124 idolatrioaa.

100 1161 221 1226 Hoaeae
241 1171 345 1223 antem
367 1159 492 1223 videtur
518 1157 701 1242 eomplerna
721 1178 833 1222 omnen
850 1156 969 1248 figurae
990 1165 1057 1228 eun

102 1278 153 1330 tne
174 1262 291 1339 divini,
310 1261 453 1349 videlieet
471 1262 725 1338 maminotum,
752 1270 924 1339 maneam‚'
940 1267 1055 1348 velum,

103 1367 346 1443 candelabrum,
374 1385 475 1454 panea
498 1362 728 1450 propositionis
747 1375 822 1439 eto,
850 1365 969 1449 qnibna
991 1388 1057 1431 om·

104 1471 199 1537 nihua
219 1481 387 1534 caruerunt
406 1469 441 1533 in
454 1468 562 1532 exsilio
582 1478 613 1531 et
632 1463 818 1550 eaptivinn.
848 1468 939 1534 Sient
957 1470 1057 1557 igitur

104 1574 216 1658 gentas
247 1591 303 1635 aaa
322 1570 412 1641 idola
431 1569 494 1633 hoe
512 1569 641 1633 nomina
669 1569 850 1653 appellant,
875 1570 918 1634 ita
937 1571 1056 1638 Hoaaaa

105 1672 324 1740 accommodat
342 1668 383 1737 ael
403 1664 654 1755 suppellectilem
668 1668 881 1738 tabernaenlir
901 1675 972 1758 qnia
993 1696 1058 1741 non

106 1792 153 1844 eat
173 1773 525 1852 ooneentanonm,·hane
543 1797 678 1861 poenam
698 1776 832 1867 intelligi
853 1800 871 1841 a
891 1778 1058 1863 Propheta,

106 1884 195 1970 qnod
215 1881 354 1945 sederint
374 1879 439 1943 aina
459 1879 577 1959 idolie3.
592 1881 647 1945 aed
667 1881 757 1962 nult,
775 1880 919 1969 intelligi
934 1882 1060 1967 auppel·
1089 1887 1092 1893 “

106 1983 242 2052 loetilem
263 1993 417 2059 ranetam,
445 1984 571 2068 qualem
592 1997 681 2050 antea
701 1985 851 2065 diximna,
880 1985 923 2048 ita
943 1997 979 2048 nt
998 1984 1061 2072 aig-

106 2089 213 2155 nifieet
231 2082 421 2175 generaliter
448 2087 619 2176 imaginem
637 2088 802 2176 ‘quandam
822 2088 925 2153 anltua
944 2089 1062 2154 externi

106 2196 143 2261 in
163 2193 266 2281 eignia
286 2205 318 2258 et
342 2189 464 2279 figaria.
863 2188 866 2196 '

189 2295 330 2361 Statuam
360 2309 481 2374 autem,
510 2316 606 2381 qnam
634 2293 726 2378 ponit
745 2293 869 2359 Miehol
894 2293 928 2356 in
953 2292 1061 2359 loonm

109 2399 238 2464 Davldia
257 2399 292 2461 in
313 2398 446 2477 loetum,
471 2413 548 2485 puto
573 2396 668 2464 fniaae
694 2399 823 2485 aliquod
848 2397 1062 2487 aimnlaornm,

112 2525 149 2569 ox
169 2503 314 2591 reliqniis
341 2503 568 2588 anperatitionia
594 2516 624 2567 et
644 2488 809 2568 idolatriae
828 2504 944 2567 alieubi
964 2525 1062 2568 neaer-

111 2620 235 2671 vatuma
261 2607 341 2695 aient
362 2607 448 2692 apud
468 2628 526 2671 noe
546 2608 665 2673 multae
685 2617 803 2671 atataaa
820 2607 959 2690 reliquae
977 2601 1061 2688 eunt,

112 2733 195 2798 qnae
214 2724 380 2775 servantur
403 2709 522 2774 alieubi
548 2710 583 2774 in
608 2709 795 2775 memoriam
820 2711 934 2776 reteria
961 2712 1063 2778 idolo-

111 2815 248 2893 maniae,
268 2815 383 2880 alieubi
403 2815 442 2880 ad
463 2815 638 2899 apeataeula
658 2828 688 2878 et
708 2815 794 2878 luera
814 2814 969 2900 pueriles,
996 2838 1062 2881 non

113 2919 153 2984 ad
175 2920 303 2982 cultum.
343 2915 513 3003 Ejusmodi
539 2917 625 2987 idola
644 2930 786 3005 tempora
806 2914 934 2985 Daridia
957 2919 991 2982 in
1004 2942 1065 3007 ¹an·

113 3021 201 3111 gralia
221 3022 347 3085 aedium
365 3020 560 3087 delituerunt.
588 3021 710 3087 Michol
730 3034 834 3085 autem
854 3020 969 3101 anbito,
991 3044 1063 3103 oum
1110 3012 1114 3020 ⁴

113 3126 196 3193 nihil
216 3125 304 3192 aliud
325 3146 400 3210 praa
419 3125 561 3188 manibna
581 3137 677 3203 earet,
704 3123 837 3207 arripuit
856 3132 1004 3205 atatuam,
1031 3140 1064 3190 et

114 3230 150 3293 in
171 3231 279 3293 locum
299 3227 428 3292 Daaidia
450 3227 623 3292 eollooarit.
662 3224 849 3290 Mamer-unt
875 3229 958 3290 enim
979 3227 1063 3292 hanel

116 3330 212 3397 dubie
230 3332 289 3395 illo
310 3333 402 3396 etiam
421 3344 561 3418 tempore
588 3330 687 3393 multa
714 3329 844 3418 terrigia
872 3331 1065 3414 anperatitio·

117 3459 196 3501 nom
217 3448 247 3499 et
265 3434 427 3500 idolatriae
449 3457 484 3500 ex
502 3457 602 3523 regno
624 3450 654 3500 et
672 3433 826 3519 religione
835 3431 1064 3516 leboaaeornm,

117 3552 151 3603 et
177 3539 345 3617 clamoren,
377 3560 456 3624 qnae
482 3560 548 3604 nan
573 3547 743 3622 potuerunt
771 3556 900 3618 prorana
928 3538 1063 3604 ahelerie

118 3642 198 3707 aient
215 3656 365 3707 taetantnr
384 3638 495 3708 anxiae
514 3642 656 3729 querelae
676 3642 847 3717 multorum
856 3642 1071 3721 Paalmormm
1101 3638 1106 3642 ’
