2236 4034
425 159 608 249 genesim
773 256 778 268 Ι
935 164 994 234 137
1060 218 1064 233 .

52 312 205 379 rabnndia
225 311 418 378 laetissimos.
458 310 568 374 Moses
594 309 698 396 igitur
715 324 780 374 non
800 308 913 382 flustra
932 326 1000 384 tsm

51 420 203 504 eopiosus
222 431 254 480 et
279 426 443 479 eruuntur
471 427 516 477 est
543 414 576 478 in
604 415 661 477 hoe
688 415 855 480 tentatione
882 418 998 486 deseri..

50 521 171 598 benda3
192 522 260 583 vult
279 522 379 594 enirn,
400 538 458 587 nos
478 518 653 608 exemplum
672 517 734 585 ltoo'
753 518 1000 610 diligeotss'eni·
1057 540 1060 555 ·

52 626 115 689 mia
134 624 248 688 uostris
268 606 410 710 infigere.
472 678 474 683 .
581 634 583 639 '

136 725 224 810 Quid
243 745 318 787 veru
338 725 413 792 lauit
432 722 540 806 laeub,
570 722 644 785 dom
662 717 748 787 lidos·
760 722 828 805 ejus
847 724 895 792 its.
909 728 999 795 tabu·
1101 736 1106 745 “

54 842 104 893 rat
124 841 154 893 at
175 828 339 905 obruitur,
365 827 440 888 dum
460 846 533 891 earo
552 823 810 908 praedominatur
827 826 861 890 in
883 851 938 891 auu
950 830 1001 893 le·

56 953 98 1018 ge
125 932 298 1005 dubitante,
327 930 530 1019 desperante,
560 926 820 1011 blasphemante?
860 929 1002 1009 Primum

57 1035 145 1110 lauit,
168 1035 256 1117 quod
277 1033 309 1094 in
329 1053 362 1095 se
382 1045 442 1100 eat:
474 1032 555 1099 siout
574 1030 688 1098 usitata
707 1029 849 1113 Papistae
870 1033 1003 1117 loquun-
1050 1066 1052 1071 ·

55 1150 126 1213 tur,
148 1139 202 1199 ssd
223 1136 287 1201 ulio
307 1154 410 1202 sensu.
451 1130 525 1199 Nou
545 1133 627 1200 euim
642 1147 725 1199 reuts
736 1135 924 1220 intelligunt,
946 1159 1004 1205 nau

56 1255 143 1309 seete
163 1238 400 1306 seoornmodsnt
419 1235 499 1304 bane
518 1235 655 1319 phrasin.
695 1236 804 1321 Supra¹
825 1239 905 1301 enim
927 1240 1006 1308 dixi

56 1367 146 1420 mus,
147 1363 344 1431 quenquam
366 1340 518 1407 hebemus
537 1336 762 1421 promissiones
783 1353 814 1407 et
829 1358 1004 1428 praerepta,

56 1459 161 1510 tumen
182 1465 247 1511 non
268 1464 336 1509 esse
356 1442 541 1510 tentandum
562 1441 681 1518 Deum,
704 1444 764 1513 boo
784 1450 848 1522 ιιι,
870 1468 934 1513 noo
953 1472 1006 1516 ne·
1100 1485 1109 1503 κ

58 1545 211 1633 gligeuds
230 1567 298 1614 esse
318 1545 438 1621 madia,
466 1543 520 1606 sed
541 1544 734 1611 urendum·
711 1568 768 1622 ιιι,
799 1551 914 1640 quibus
933 1576 1013 1659 pos-¹

60 1670 168 1716 sumus
193 1650 259 1724 uti,
286 1648 314 1721 ai
340 1648 468 1731 quidem
499 1668 564 1711 nou
583 1645 670 1713 dedit
690 1648 775 1712 Dens
800 1654 953 1719 rationem
973 1670 1005 1721 et
1028 1654 1034 1667 “

61 1754 191 1816 rationis
211 1752 341 1817 oonsilio
364 1763 394 1815 at
420 1746 548 1823 auxilia,
574 1760 610 1809 ut
638 1769 674 1811 sa
695 1763 889 1831 oontemnus,
919 1760 1007 1841 quod

60 1855 178 1924 fuciunt
198 1867 250 1921 aut
270 1855 320 1930 bi,
352 1855 406 1941 qni
428 1862 648 1936 praesumunt,
676 1864 729 1919 out
756 1855 812 1938 qui
831 1857 1008 1945 desperant,

63 1958 190 2041 quondo
211 1956 335 2023 dieunt:
365 1955 524 2042 Quisquid
545 1975 656 2038 egero,
684 1976 749 2021 non
770 1973 881 2047 potero
899 1965 1009 2050 impe·

61 2064 131 2127 dire
153 2083 203 2135 ea,
225 2082 303 2145 quse
325 2063 497 2126 neuesssrin
519 2077 548 2127 ot
568 2060 633 2123 fato
653 2063 792 2145 quotum
815 2068 938 2132 evenire
956 2070 1008 2152 de·

61 2166 156 2241 hent3
179 2167 256 2231 baeu
277 2165 509 2250 desperantium
529 2183 589 2226 vox
609 2175 664 2226 est.
706 2164 937 2234 Pssesumtuosi
958 2195 1009 2236 uu·

61 2283 125 2335 tem
145 2269 220 2330 haee
241 2268 352 2351 jsetoro
373 2269 489 2332 solent:
518 2266 650 2333 Etiamsi
671 2287 737 2331 non
758 2273 940 2351 comedero,
967 2290 1011 2343 te·

62 2393 152 2447 rnen,
174 2369 201 2433 ai
221 2373 322 2435 rivere
344 2369 455 2446 debeo,
476 2368 583 2432 virum.
626 2370 712 2435 Dens
733 2377 879 2456 promitit
899 2379 1009 2449 vitam'a
1093 2388 1096 2395 '

64 2476 166 2561 igitur
194 2475 284 2551 nihil
302 2470 414 2547 refert,
445 2474 506 2537 sire
539 2474 716 2548 eomedom,
745 2477 809 2542 sive
834 2498 909 2546 oon.
950 2480 1013 2553 Sed

66 2580 234 2663 diligenter
253 2576 424 2642 serendum
445 2590 499 2650 est,
522 2577 647 2660 quaudo
664 2577 813 2642 hebemus
828 2583 1013 2664 promissio-

64 2704 119 2749 nes
141 2681 278 2756 divinus,
307 2700 346 2744 ne
372 2690 524 2746 tentemus
552 2680 653 2743 Deum
684 2676 932 2771 praesumtione,
960 2709 1013 2753 ne·
1092 2674 1095 2694 ‘⁵

66 2804 127 2867 que
149 2782 338 2865 desperando
358 2801 531 2868 pensamus.
563 2782 644 2847 Cum
666 2785 779 2849 habers
800 2788 925 2867 sesiam,
946 2813 1012 2864 nun

66 2900 132 2962 est,
160 2887 248 2969 quod
267 2907 327 2968 per
352 2884 517 2952 fenestram
543 2897 574 2951 ts
594 2887 792 2971 proscipites,
824 2912 926 2977 neque
951 2904 1015 2983 per
1050 2974 1052 2981 A

66 2988 173 3056 Albim
194 2989 331 3055 medium
357 2989 503 3066 inoedss,
532 3011 602 3053 eum
629 2990 742 3052 hebens
769 3006 907 3074 pontem.
950 2997 1015 3068 Sed
1049 3062 1053 3071 ,

69 3091 204 3177 quilibet
224 3090 283 3153 boo
304 3089 413 3168 laniet,
435 3094 522 3177 quod
541 3094 622 3158 ratio
644 3108 814 3172 monstret,
841 3109 871 3159 et
890 3097 1015 3191 relique

70 3194 268 3272 commendet
289 3194 378 3271 Deo,
399 3195 426 3259 ia
447 3195 533 3261 debit
554 3197 766 3261 couvenientes
788 3199 894 3268 exitus.

151 3299 252 3383 Hujus
271 3298 318 3365 rei
339 3296 584 3381 pulcherrimum
605 3297 667 3371 hoe
688 3301 862 3384 exemplum
882 3314 937 3370 est,
969 3302 1014 3377 tr.

70 3403 131 3467 oob
153 3403 236 3469 euim
264 3402 342 3468 nibil
372 3422 481 3466 eorum
508 3401 640 3477 omittit,
668 3424 749 3486 quoe
776 3417 879 3487 potest
905 3392 1040 3478 issem(
1067 3402 1071 3413 ’

70 3505 190 3570 Dividit
209 3505 381 3587 populum,
402 3503 546 3591 quicum
567 3503 636 3587 ipso
658 3520 740 3583 orat,
762 3506 854 3573 mittit
873 3529 1016 3595 munera,

71 3605 249 3697 preeourrit
265 3607 351 3695 ipse,
372 3618 402 3675 et
422 3605 525 3677 unuin
545 3608 687 3700 peragit,
714 3629 794 3703 quse
815 3625 888 3681 suut
906 3612 941 3681 in
958 3634 1017 3706 po·
