2236 4034
47 181 68 266 ,⁵
107 148 172 249 ’106
271 168 895 281 νὶμὶιίωιιηιοοριὶωιιωοᾳριιι
1001 206 1011 216 ,

111 325 326 410 magistratus,
345 340 400 408 per
419 340 500 407 qnos
521 321 691 385 secundum
711 321 840 385 verbum
862 320 1053 406 gubernatur

111 428 192 492 bueo-
215 428 293 503 rite,
320 439 351 489 ot
374 438 585 509 exspectemus
611 426 645 488 iu
666 409 724 508 ερό
749 440 780 490 et
814 424 1053 511 longanimitate

65 603 68 611 ἱ
110 530 347 612 promissionem
365 529 484 613 ipsam,
512 529 585 613 qnia
606 526 692 609 Deus
712 546 777 591 nou
795 529 977 603 mentietur,
997 546 1053 591 uso

92 633 200 714 -btlet
218 638 286 696 noe.
325 631 408 695 Csro
436 631 569 716 quidem-
582 628 743 694 difficulter
762 633 877 710 credit,
907 629 982 714 quia
1007 642 1052 694 est
1085 654 1089 659 ’

112 736 241 801 adsueta
260 735 349 797 rebus
364 731 586 818 praesentibus,
606 745 636 794 et
652 735 864 811 novembris,
886 756 967 819 quae
987 756 1052 796 sen-

111 840 151 902 tit
176 852 208 903 et
233 837 318 901 videt.
359 833 496 919 Oportet
523 847 625 896 antem
653 834 793 922 crucifigi
819 850 850 901 et
875 834 1052 902 mortificari

113 963 247 1017 earnem,
267 951 298 1002 et
317 939 457 1003 abstrahi
476 937 718 1016 asenaibilibns,
740 942 910 1017 acdoeere,
930 954 966 1003 ut
981 944 1050 1024 pris·

25 1038 28 1042 ⁸
64 1103 68 1113 „
112 1047 153 1109 ait
173 1045 271 1109 rivere
290 1055 321 1105 et
340 1061 435 1129 cgere
454 1043 627 1105 secundum
646 1042 867 1106 invisibilidet
887 1066 944 1121 ea,
975 1064 1052 1129 quae

112 1168 205 1212 sensu
219 1165 282 1210 nou
302 1144 526 1230 percipiuntur.
559 1144 707 1207 Haee‘est
727 1143 922 1221 mortificatio
937 1169 1051 1211 sensus

112 1252 215 1328 caruis
235 1252 317 1334 qnae
336 1247 521 1334 simpliciter
539 1248 606 1310 vult
618 1246 753 1309 dormire
773 1266 882 1310 secura*
894 1249 928 1312 in
939 1263 1051 1335 utrant-

38 1354 42 1359 ’
111 1355 288 1429 menum,
307 1351 341 1414 in
360 1350 455 1414 rebus
475 1349 741 1434 praesentibus‘et
760 1349 943 1415 visibilibus.
976 1354 1050 1418 ldeo

81 1458 83 1463 ⁴
113 1455 293 1522 consentit
313 1450 514 1528 contrarium,
535 1450 672 1537 ringitur
692 1463 722 1514 et
742 1452 836 1515 dolet.

10 1576 13 1585 ’
116 1582 119 1587 “
184 1555 259 1621 ideo
280 1552 522 1638 proponendum
551 1564 597 1614 est
623 1553 686 1616 hoc
713 1553 890 1637 exemplum
915 1557 958 1619 ob
980 1578 1051 1620 ocu·

112 1662 172 1736 do,
186 1653 357 1745 'quomodo
386 1654 479 1721 Iacob
514 1656 720 1720 constituntur
755 1658 808 1719 r'ex
835 1669 865 1720 st
896 1660 1050 1739 sacerdos,

114 1762 267 1850 qsomodo
287 1760 466 1825 investiatur
484 1759 518 1821 in
533 1781 668 1844 regnum
689 1771 718 1822 et
729 1761 933 1825 secerdotium
950 1786 1049 1826 sunm.

49 1918 51 1927 ,
112 1862 296 1931 ilissrsbilis
315 1865 400 1928 eninr
419 1863 497 1925 hoec
522 1883 641 1947 pompe
663 1871 692 1923 et
712 1861 791 1923 ritus
811 1854 862 1926 est¹
878 1885 985 1950 regem
1005 1866 1051 1927 in·

83 1990 84 1995 ¹
113 1958 246 2054 ungendi
266 1978 295 2034 et
314 1964 506 2029 investiendi.
544 1961 779 2027 Non'induitur
798 1965 897 2042 stols,
918 1989 983 2031 uon
1005 1990 1052 2031 or-

70 2110 93 2143 ,.
108 2084 197 2137 natur
215 2067 313 2133 infula
333 2079 386 2159 ant
407 2088 524 2130 corona
544 2065 643 2153 regis,
664 2085 728 2127 non
741 2079 898 2149 sceptrum
917 2070 1051 2135 truditur

103 2174 139 2240 in
159 2195 287 2249 munus,
313 2171 369 2233 aed
388 2192 463 2253 pera
483 2182 516 2233 et
534 2167 647 2233 baculo
668 2166 851 2247 instruitur,
879 2184 910 2235 et
929 2171 1051 2259 ejicitur

32 2340 35 2344 ,
104 2275 139 2356 in
159 2273 318 2351 exsilium3
339 2273 513 2336 benedictio
532 2283 633 2335 entem
650 2271 842 2355 relinquitur
857 2270 945 2335 fratri
957 2271 1049 2350 Essu,

104 2378 146 2442 ad
166 2392 316 2460 quernos
335 2373 465 2437 minime
485 2371 665 2456 pertinebat.
686 2374 827 2437 Tandem
846 2388 921 2439 'vero
943 2377 1067 2439 morti'

103 2478 196 2545 ficato
216 2477 309 2543 lnooh
330 2472 504 2562 perfidem
523 2473 686 2541 invisibilis
707 2478 777 2555 Dei,
799 2480 939 2563 sequitur
960 2481 1051 2544 etium

30 2598 31 2603 ’
103 2605 154 2649 res
174 2580 321 2657 risibilia,
342 2591 372 2649 et
392 2563 570 2661 possidetur
588 2591 671 2653 terre
689 2603 747 2665 per
767 2568 873 2657 semen
894 2581 999 2660 luoob,
1019 2596 1050 2646 et

82 2684 241 2751 'manitus
261 2680 407 2746 Christus
423 2704 460 2744 ex
480 2680 541 2744 isto
563 2683 697 2761 semine,
717 2697 859 2749 aeternus
879 2705 935 2746 rex
954 2698 985 2748 et
1004 2706 1047 2747 ss·

104 2785 235 2860 surdos,
262 2784 352 2883 cujus
378 2805 512 2869 regnum
540 2795 571 2848 et
598 2785 805 2852 sacerdotium
832 2786 1046 2853 benedictione

30 2914 32 2918 ·
103 2886 163 2955 heo
184 2887 368 2953 continetur.
467 2890 470 2899 “
710 2876 713 2895 ’
748 2960 752 2965 ,

183 2988 238 3059 Sic
258 2986 359 3053 David
378 2985 555 3077 ungebatur
572 2989 608 3053 in
629 3010 735 3075 regam
755 3010 849 3076 anper
869 2989 985 3068 Israel,
1005 3011 1050 3053 re·

103 3089 238 3180 probato
259 3101 291 3154 et
310 3088 430 3174 ubjecto
452 3083 546 3159 Saule
567 3083 729 3156 numum(
761 3090 825 3165 Sed
845 3105 954 3165 contra
975 3094 1051 3154 brec

104 3195 212 3263 ornnis
232 3193 306 3267 Saul
332 3205 436 3257 manet
454 3193 487 3255 in
507 3215 623 3278 regno,
655 3196 736 3268 siout
756 3208 862 3273 sntea,
890 3194 974 3280 gerit
1000 3213 1051 3256 res

36 3333 39 3340 f
103 3299 235 3366 feliciter
254 3297 340 3363 domi
360 3310 390 3361 et
410 3297 557 3365 sdversus
576 3296 697 3375 hostes,
725 3300 803 3384 quin
822 3277 927 3384 ipsiinr
948 3296 1051 3360 David

103 3416 255 3488 tunquam
275 3399 456 3467 seditiosum
483 3423 518 3466 ue
537 3402 734 3467 insidiantem
759 3423 861 3490 regno
882 3400 1051 3464 crudeliter

88 3505 311 3591 'persequitur
344 3503 390 3566 Ao
411 3503 514 3569 David
534 3507 654 3571 interea
673 3520 805 3595 rogator
824 3504 858 3567 in
878 3517 975 3579 terra,
995 3499 1050 3564 ubi

28 3675 30 3679 ,
97 3628 157 3673 rur
175 3629 194 3671 s
214 3606 285 3672 Deo
314 3605 486 3674 declaretur
515 3609 631 3690 fueret,
657 3623 808 3695 tauquam
837 3605 994 3694 profugus
1020 3613 1051 3668 at
