2236 4034
140 170 202 239 282
406 109 672 247 'frigesimum
687 150 812 246 'eaput

137 294 362 390 tantationdm,
380 311 562 396 musenim
583 311 778 388 sublimium,
805 330 842 373 ea
860 308 944 375 ratio
966 308 1031 389 eit,
1047 329 1075 380 ut

139 439 237 504 paene
265 436 387 479 omnem
418 436 540 478 aeneum
568 415 689 498 pietatis
720 416 864 477 adimant.
908 413 962 478 Sio
994 437 1076 483 ornae

139 538 170 588 et
190 522 363 586 calamitate
384 540 551 604 oppreeaoa
572 542 636 583 non
661 518 752 582 aentit
771 517 966 603 patientiam.
1009 520 1077 585 Tea

138 644 221 693 tatae
247 628 281 690 io
307 622 368 689 fida
395 637 425 687 et
445 646 500 710 epe
519 646 584 687 non
603 625 693 687 aentit
712 621 806 688 fidem
826 638 857 687 et
883 646 997 708 apem,
1023 646 1078 693 noa

138 737 260 806 ridetur
286 732 345 796 eibi
373 731 498 795 eredere
523 745 576 794 aut
603 752 745 816 sperare,
772 717 827 794 aed
856 743 997 813 prorant
1024 752 1079 797 ern

137 841 262 925 impiae.
302 836 366 921 Qui
386 848 512 899 vexatur
533 836 747 920 desperatione
760 847 803 898 -et
827 831 961 895 fremitu
987 834 1077 901 adm

139 967 192 1010 rua
221 944 339 1018 Deum,
374 942 499 1026 quando
527 941 588 1004 alio
616 943 711 1004 modo
743 940 863 1025 aliquid
894 939 1078 1007 admioirtm

136 1050 233 1124 Deua,
254 1069 346 1132 quarn
367 1066 424 1109 noa
443 1046 746 1129 pmeeoripaeramue,
766 1045 794 1109 ia
815 1045 913 1110 aeotit·
932 1066 1077 1125 remman

136 1144 340 1219 offenriooena
360 1162 391 1213 et
416 1150 666 1234 indignationem
697 1153 842 1214 adremon
864 1148 997 1230 Deum,
1021 1172 1077 1219 uon

135 1256 258 1327 ridetur
276 1256 375 1322 uilem
396 1253 559 1318 aointiliam
580 1253 653 1320 fidei
673 1268 726 1319 ant
746 1257 813 1341 epei
833 1255 965 1319 habere·-
983 1256 1007 1301 ·'
1065 1276 1068 1283 ·
1107 1242 1110 1347 ξ

164 1464 168 1477 ·
214 1430 504 1517 Haeoogitationea
517 1429 631 1492 molent
645 1452 724 1495 veoae
745 1430 932 1496 afflictorum
961 1431 996 1494 io
1014 1432 1076 1517 ipra
1108 1404 1110 1489 i

129 1554 321 1623 ‚paroxyrmo
335 1533 563 1605 ¹tentationum.
602 1535 734 1617 Alioqui
764 1549 846 1599 extra
868 1539 1077 1618 tentationem,
1107 1526 1110 1601 i

136 1639 322 1726 quaudode
342 1635 463 1717 fideet
483 1637 522 1700 de
542 1637 745 1721 ape·diaputo
767 1654 819 1702 ant
838 1643 981 1726 loquor,
1009 1639 1077 1707 nibil
1108 1686 1110 1691 -

133 1744 200 1807 iatia
219 1742 341 1806 videtur
354 1738 492 1817 ,faoilina
511 1741 566 1803 sed
585 1742 619 1803 iu
635 1763 821 1826 paroxyamo
843 1744 952 1807 eubito
963 1764 1077 1809 eram
1107 1776 1110 1781 ·

126 1818 208 1913 'eunt
228 1844 342 1909 omnio
383 1842 436 1909 Sia
455 1845 488 1906 io
509 1845 576 1906 aliie
597 1847 763 1931 generibus
784 1849 1009 1937 tentationum,
1028 1849 1076 1915 im·

133 1948 297 2036 patientie,
315 1946 493 2021 iraouudia,
514 1948 661 2025 libidine,
682 1962 814 2039 apparet
833 1963 863 2012 et
884 1952 1021 2045 aentitm·
1036 1976 1076 2019 at·

133 2057 192 2120 dor
211 2066 242 2120 at
261 2049 415 2140 cupidita·
443 2050 605 2116 vindiotae.
645 2051 687 2114 Et
707 2073 814 2120 veram
844 2065 908 2133 eat,
938 2057 1016 2119 tales
1040 2056 1074 2121 af·

131 2158 229 2225 tutae
249 2176 314 2223 oou
335 2167 406 2219 aaut
425 2151 519 2229 fidet,
548 2175 639 2237 epea,
668 2157 796 2235 aeritee,
825 2158 882 2220 aed
915 2170 991 2223 aunt
1011 2180 1071 2223 oaro

130 2262 208 2347 ipae.
246 2258 293 2321 Ite
313 2256 412 2323 Rehel
432 2256 541 2321 babuit
554 2261 753 2323 tentationem
773 2260 923 2338 invidiae,
946 2287 1009 2347 qua
1027 2285 1071 2347 op·

129 2366 206 2433 terit
225 2360 297 2427 tieri
316 2381 426 2445 posse,
454 2374 489 2423 ut
509 2382 599 2429 eoror
619 2386 683 2427 nou
703 2378 843 2449 pareret,
872 2368 998 2429 tametei
1017 2388 1068 2431 noa

131 2465 306 2542 rooonboit,
326 2465 382 2530 aed
403 2463 513 2527 eooidit
534 2465 580 2541 ei,
602 2467 689 2551 quod
710 2467 823 2532 Paulus
844 2470 951 2555 inquit
972 2471 1066 2544 (Rom

131 2578 163 2649 7,
185 2575 265 2642 193:
287 2613 308 2643 „
317 2567 413 2650 Quod
433 2568 519 2643 nolo,
540 2564 639 2644 facio,
661 2571 748 2652 quod
768 2573 851 2651 volo,
873 2596 940 2637 non
961 2573 1066 2639 fauet

23 2648 31 2669 Ι
77 2672 80 2677 ’
113 2662 198 2760 Qui
216 2683 352 2737 tentatur
372 2668 572 2746 dubitatione,
592 2672 685 2734 aentit
703 2676 855 2758 gemitum
873 2678 1065 2760 ineffabilem,
1108 2680 1110 2717 Ι

130 2799 193 2865 quo
215 2788 317 2859 optat,
339 2792 372 2835 ae
392 2792 457 2836 non
478 2775 579 2835 vexari
600 2774 811 2857 dubitatione,
833 2794 863 2844 et
883 2795 991 2847 tamen
1012 2806 1065 2848 reu

50 2926 56 2941 ,
127 2883 166 2946 tit
199 2878 422 2946 dubitationem
452 2875 679 2959 praevalentem
701 2893 737 2946 et
771 2882 981 2966 captivantem
1003 2875 1064 2973 'legr
1108 2868 1110 2925 i

126 2981 248 3072 peceati
270 2993 301 3044 et
319 2979 553 3047 incredulitatis.
596 2978 659 3043 Sed
680 2983 826 3047 adversae
857 2986 945 3052 buno
974 2990 1066 3055 ooool·
1108 2990 1110 3027 ²

126 3103 178 3155 tua
198 3085 332 3175 gemitue
352 3087 500 3151 exoitrtor
519 3108 577 3171 per
596 3085 749 3177 Spiritum
770 3103 930 3169 sonetum,
960 3096 1016 3179 qui
1033 3094 1067 3160 ri·
1109 3094 1110 3129 ³

127 3192 230 3257 oieaim
250 3191 464 3255 obmurmurat
485 3204 516 3257 et
535 3191 739 3269 contradicit,
758 3214 795 3256 ao
810 3195 964 3260 irascitur·
979 3192 1066 3263 inore·

127 3295 268 3372 dulitati,
294 3295 351 3376 pfu
380 3297 470 3374 diuh,
508 3296 550 3359 du
577 3291 692 3377 leidiga
720 3293 937 3380 incredulitas,
971 3302 1066 3386 rpriob

125 3397 213 3464 nieht
239 3401 323 3463 eleo:
350 3400 431 3465 Wer
450 3399 561 3467 naiso?
600 3397 646 3462 Ea
666 3397 712 3465 iet
728 3399 856 3484 erlogen
878 3415 934 3467 eto.
978 3404 1066 3490 quue

34 3554 37 3559 .
123 3502 160 3567 iit
178 3524 278 3588 perro
299 3504 435 3589 suspirio
457 3518 487 3568 et
507 3503 628 3592 gemitu
646 3503 857 3582 inenarrabili,
879 3506 937 3590 qui
958 3520 1067 3573 metu·

120 3620 169 3680 tat
185 3608 324 3677 animum
343 3621 513 3690 tentatum,
532 3626 572 3671 ur
591 3603 647 3672 flat
665 3606 820 3692 profanae·
835 3622 866 3676 et
883 3621 1064 3681 oontemtor.
