2236 4034
86 163 115 229 6'
162 182 165 186 ·
241 159 879 275 vigesimumsaptimumeaput

89 307 156 392 ejus
171 307 358 395 inquireret.
377 306 425 372 tbi
444 309 507 373 ills
520 309 700 393 respondit:
722 308 797 374 Nou
811 310 962 385 morieris,
983 310 1034 377 sod

90 414 156 479 duo
177 412 292 496 pppuli
313 411 438 476 suntin
460 422 549 475 utero
570 424 638 486 tuo,
658 421 688 474 et
708 423 742 473 tu
762 426 861 476 mater
881 414 943 476 eris
964 413 1034 473 duo-

91 536 161 577 ιιιιιι
182 503 430 607 gemellorum,
419 533 485 575 imo
505 514 638 603 ducrum
660 513 863 597 populorum.
893 512 963 576 Nec
982 511 1035 577 filii

92 614 265 679 moriantur
284 610 474 687 insinfautis,
495 614 550 675 sed
572 628 720 691 crescent,
740 628 770 677 et
788 615 947 678 habebunt
967 634 1035 698 pro·

65 710 273 789 ‚inissiouem
300 716 397 792 sitae,
428 728 462 777 ut
491 716 607 790 sciant,
637 738 670 779 se
698 714 818 781 futuros
846 716 1037 780 Petrierchas

91 819 296 883 maximorum
316 818 523 903 populorum.
563 818 632 881 Hoe
652 817 706 897 ubi
728 812 870 907 audivit(
888 820 979 884 rediit
1000 819 1048 883 ad*

91 922 263 999 meritum,
279 933 312 987 at
339 943 430 983 enm
438 920 555 1004 gaudio
582 919 722 987 recitarit
749 923 927 986 οιιιιιΙιιιιιι
966 921 1038 987 Sem

67 1023 184 1099 dixit,
212 1044 263 1087 me
289 1022 466 1107 periturum
485 1022 658 1107 gemellos,
685 1022 740 1107 qui
761 1021 871 1087 victuri
899 1020 983 1123 simp
1008 1031 1039 1087 at

91 1120 270 1214 generaturi
290 1125 370 1187 duos
389 1125 539 1208 populos.

172 1226 260 1309 Quid
286 1225 406 1317 igitur
402 1224 489 1289 Isaac
519 1245 602 1288 nuno
630 1223 663 1284 in
691 1233 824 1285 mentem
852 1226 934 1287 venit
954 1238 1040 1309 ³post

75 1270 254 1391 ‚oracutum
282 1294 427 1391 divinitis
452 1330 578 1402 datum,
607 1323 694 1409 quod
711 1325 822 1407 ,maior
843 1325 954 1388 debeat
971 1327 1053 1395 fieri,

86 1428 219 1511 ¹minor-'r’
242 1426 379 1488 Difficilis
393 1448 466 1489 sana
477 1425 615 1510 quaestio
629 1439 685 1500 est,
706 1437 736 1487 et
754 1427 812 1489 hoo
829 1439 928 1490 totum
946 1426 1042 1514 ceput

90 1529 261 1593 admodum
282 1527 435 1592 mirabile.
457 1531 603 1593 Aliorum
613 1539 716 1589 autem
738 1532 964 1607 commentarii,
986 1530 1041 1615 qui

90 1626 218 1715 genesin
239 1642 440 1709 enarrarunt,
468 1630 577 1719 frigidi
606 1638 737 1712 prorsus
766 1642 796 1694 et
822 1631 930 1695 inanes
959 1646 1042 1701 suun

91 1733 164 1819 Ego
185 1734 238 1816 pio
258 1732 303 1794 sio
325 1733 398 1797 volo
419 1733 571 1818 cogitare,
590 1730 709 1795 iuiase
698 1743 778 1794 inter
793 1734 946 1819 conjuges
967 1726 1051 1799 ami-¹

91 1856 160 1903 eam
181 1846 220 1897 at
229 1826 414 1903 benevolam
444 1835 666 1906 dissensionem
686 1832 725 1896 de
746 1833 891 1897 sententia
913 1836 1054 1903 oraculi.-

89 1935 237 2029 Rebeeca
267 1924 368 2019 potuit
396 1938 437 1999 ad
458 1949 579 2022 patrem
600 1936 721 1999 diceret
754 1935 897 1999 Profecto
920 1940 1043 2007 videtne

89 2038 184 2101 Iacob
216 2034 339 2099 iuturus
367 2038 604 2122 primogenitus.
646 2036 731 2098 lsaao
758 2058 776 2100 a
807 2055 933 2103 contrat
964 2043 1040 2106 Non

71 2150 173 2203 'recte
186 2137 353 2221 intelligia.
376 2142 458 2204 Mihi
478 2139 642 2227 prophetia
663 2138 768 2203 haee'
756 2161 821 2258 jam
843 2142 995 2203 videtur-⁸
985 2164 1041 2205 rm·

91 2224 176 2325 pieta
196 2260 272 2312 essa.
293 2238 339 2301 ita
359 2253 393 2301 ut
403 2238 489 2304 Euan
509 2240 616 2304 vicerit
632 2240 726 2303 Iacob
749 2244 901 2326 majorem
922 2246 955 2306 in
977 2258 1040 2308 ute·

89 2363 138 2418 eo,
158 2364 230 2405 cum
251 2315 346 2404 vellat
366 2339 520 2404 minorem
540 2344 729 2460 opprimere.
756 2343 819 2408 Sed
839 2347 924 2411 Esau
946 2330 1044 2435 evasit

90 2445 221 2528 major,
231 2456 262 2507 et
282 2443 375 2506 debet
393 2464 518 2506 manere
538 2442 649 2527 major.
692 2444 832 2510 Rebecca
853 2451 949 2513 sensit
969 2473 1039 2513 eun·

89 2545 251 2622 trarium‚·
266 2556 297 2608 et
316 2544 414 2609 haesit
434 2544 603 2609 firmiter
593 2570 627 2608 ιιι
658 2569 715 2609 sua
740 2551 909 2627 sententis,
941 2552 1037 2615 donao

90 2646 372 2734 postea'mirabilis
391 2649 449 2710 ists
461 2648 629 2711 mandatio
651 2646 711 2711 fist.
741 2650 866 2729 Interim
887 2673 960 2715 vero
981 2650 1037 2715 fuit

91 2754 188 2814 amica
209 2749 422 2814 controversia
442 2750 522 2813 iuter
541 2728 700 2834 conjuges.
738 2752 824 2817 Isaac
844 2770 973 2818 conatus
994 2764 1038 2823 eet

91 2854 266 2941 Rebeccam
287 2877 306 2915 a
326 2873 382 2927 sua
402 2852 556 2916 sententia
576 2848 747 2917 deducere:
768 2853 875 2928 Erras,
897 2873 965 2913 mea
978 2851 1051 2923 Rau

89 2956 204 3033 becoa,
233 2955 326 3037 dixit,
351 2975 416 3017 ιιοιι
443 2967 533 3039 recte,
547 2955 663 3038 accipis
685 2956 854 3043 oraculum.
896 2953 1038 3021 Rebecca

40 3045 60 3061 ’
89 3058 269 3143 respondit:
299 3056 388 3145 Esau
416 3078 480 3120 non
509 3058 567 3120 erit
594 3057 842 3147 primogenitus,
874 3068 905 3118 et
930 3055 1050 3121 hebuit.

89 3170 274 3248 tegumenta
294 3159 490 3244 gravissima,
511 3159 584 3243 quia
594 3160 681 3222 Esau
702 3160 759 3233 suit
778 3170 917 3236 venetor,
937 3158 1040 3243 junxit

55 3260 60 3273 '
89 3265 216 3331 foedera
235 3285 307 3325 cum
328 3262 473 3327 Hetbaeis
494 3264 529 3325 et'
543 3260 664 3347 inducit
683 3263 716 3323 iu
735 3263 863 3325 domum
878 3273 1041 3344 paternam

87 3370 167 3432 duas
194 3387 305 3430 uxores
325 3368 493 3451 pessimae,
522 3387 587 3427 non
608 3364 742 3426 instituit
766 3365 886 3425 liberos
908 3384 981 3425 suus
1001 3363 1041 3429 ad

90 3468 297 3531 obedientiam
318 3489 392 3557 erga
411 3483 562 3552 parentes.
584 3467 658 3531 Inde
675 3466 856 3529 ratiocinata
878 3477 934 3538 est,
954 3464 1042 3539 Esau

48 3570 49 3575 ’
89 3591 155 3635 essa
175 3570 394 3656 rejiciendums
414 3573 510 3658 idque
530 3571 679 3637 instinctu
698 3570 832 3657 Spiritus
854 3567 964 3648 asueti,
985 3568 1043 3653 qui
