2236 4034
379 222 381 226 »
450 124 627 267 genecio.¹
849 206 854 218 ¹
931 136 1032 255 973

70 329 131 406 uia,
152 346 231 414 quae
250 328 399 392 baberent
417 328 595 418 filiilacob,
609 329 721 392 futura
742 340 841 395 caecat
861 353 931 414 uum
951 333 1019 417 ips.

70 434 105 496 tia
133 432 312 496 communia.
353 429 388 507 Si
415 429 513 517 igitur
538 433 618 497 aerio
638 433 699 495 hoc
719 433 882 525 dixeruut‚·
903 435 1005 497 mani·

70 533 140 599 iectu
160 536 244 596 lraua
265 545 310 594 eat
329 546 361 596 et
379 534 515 611 malitia,
541 557 601 620 qua
621 554 686 601 oon
707 536 809 607 aulum
828 534 910 600 filiae
928 559 1001 620 rap-

70 661 129 702 nam
148 643 186 718 'et
213 635 428 703 contumeliam
454 637 542 720 priua
573 637 682 719 factam
706 622 781 700 *nou
815 650 999 722 agnoscunt,

70 745 117 806 ted
146 741 236 804 etiam
265 741 304 802 de
331 738 540 822 opprimendo
564 738 655 801 Iacob
684 749 716 800 et
741 737 835 801 bonis
862 739 999 825 ejua'aa5
1113 765 1115 770 ·

70 846 188 930 piendia
208 842 355 927 cogitant.
394 838 437 902 lta
457 857 528 902 vera·
542 850 706 916 augeretur
725 852 754 900 et
769 854 916 903 cresceret
930 863 1000 924 peo-

70 950 177 1012 oatuni.
217 943 273 1007 Sin
293 930 518 1004 abetoticantur
537 953 672 1015 tautum,
698 943 730 1021 et
747 940 811 1002 non
838 963 875 1004 ex
895 943 998 1004 auimo

70 1049 256 1132 loquuntun,
281 1055 347 1104 tum
365 1042 532 1105 voluerunt
551 1041 657 1104 fallere
677 1044 847 1125 populum,
873 1057 909 1107 ut
928 1038 1013 1107 faoi·¹
1082 1060 1085 1068 ·

70 1149 126 1213 tius
155 1149 199 1211 eia
225 1145 456 1230 persuaderent,
487 1165 541 1227 ape
568 1146 825 1229 acquirendorum
853 1165 1044 1231 pecorum

70 1264 96 1314 et
123 1249 301 1313 facultatum
329 1246 429 1309 lacob.
476 1245 630 1310 Videntur
655 1234 757 1310 tameo
788 1262 926 1329 spectare
945 1249 1005 1312 ieta

70 1352 106 1416 ud
133 1349 323 1435 tyrannidem
351 1361 381 1410 et
406 1334 642 1431 oppteaaionem
668 1348 851 1415 vicinorum.
872 1388 876 1396 ·
900 1350 1042 1433 Quor-¹3

70 1452 241 1517 cumcuim
272 1450 416 1513 attinebat
436 1449 555 1510 diceret
596 1449 713 1514 Peocra'
732 1455 874 1536 ipsorum
899 1472 1005 1514 noune
1084 1468 1087 1473 ’

70 1569 175 1621 nostra
202 1566 308 1629 erunt,
337 1553 363 1614 ai
383 1565 501 1614 tantum
521 1551 701 1614 societatem
722 1556 894 1616 vicinorum
915 1566 1007 1634 quae-

70 1661 229 1755 cinquant,
259 1669 290 1717 et
316 1673 379 1743 oon
407 1636 591 1736 cogitaaacut
613 1656 657 1718 de
685 1654 872 1736 occupandis
899 1666 1009 1718 aoruna'
1059 1655 1061 1659 ’

70 1744 188 1825 boniai’
217 1738 364 1840 Agunt
354 1756 451 1839 agitur
470 1758 596 1831 dolose,
620 1757 684 1819 aive
703 1756 839 1820 fallendo
861 1748 947 1820 filine
963 1757 1009 1829 ta·
1076 1764 1083 1781 ⁸

72 1862 152 1938 cub,
172 1860 243 1922 eive
256 1858 432 1920 mentiendo
452 1858 567 1925 civibus
588 1860 661 1922 auia.
993 1888 1009 1897 ··

152 1961 195 2024 Et
220 1962 277 2023 fuit
304 1960 440 2023 sortaaaia
466 1961 541 2025 baec
568 1961 759 2027 ratiocinatio
787 1960 851 2023 aive
871 1940 1010 2041 auspicio

71 2065 211 2132 filiorum
227 2064 339 2126 lacobz
370 2063 404 2125 si
424 2065 491 2125 auci
510 2058 581 2125 iunt
601 2087 710 2146 rapere
731 2077 761 2126 et
782 2062 895 2147 violare
916 2059 1011 2123 filiam

73 2171 216 2234 nondum
237 2167 391 2238 nubilem:
412 2166 487 2250 quid
507 2167 597 2230 nobie
618 2181 671 2230 aut
690 2166 771 2250 patri
791 2185 855 2255 non
874 2160 1017 2224 facient?-

73 2274 169 2363 Ratio
188 2271 270 2332 euim
297 2269 498 2353 aio'culligite
532 2270 595 2352 Qui
615 2273 707 2334 audet
727 2271 843 2352 majus,
871 2262 963 2329 audet
984 2274 1015 2326 at

74 2375 190 2440 minue.
230 2371 335 2433 Minoa
364 2383 410 2433 eet
435 2371 555 2452 eripere
574 2371 842 2454 bona‚·mdigcra
868 2371 900 2431 in
923 2369 1015 2431 tervi-

76 2492 194 2550 tutem‚
223 2495 315 2555 quam
343 2492 451 2555 rapace
477 2474 624 2556 puellam.
665 2474 708 2537 Et
732 2475 765 2535 in
793 2473 872 2536 beno
898 2487 1017 2536 oenten-

77 2581 155 2644 tiam
182 2577 323 2640 videntur
351 2595 443 2657 cupra
471 2598 542 2639 oum
564 2578 607 2640 eie
628 2575 835 2661 expostulatae
862 2588 892 2638 et
913 2577 1035 2657 alapae

78 2696 170 2746 tasso.
217 2677 281 2740 Sed
310 2675 506 2739 distimulatia
534 2679 580 2740 hia
601 2677 746 2740 omnibua
766 2677 842 2738 acini
862 2677 931 2752 icti,
958 2677 1019 2739 Hc·
1056 2710 1063 2719 ,

80 2804 153 2848 mor
173 2794 203 2843 et
222 2778 345 2841 Sichem
365 2776 498 2850 (Humor
518 2780 597 2842 enim
618 2784 739 2844 asinum
760 2777 926 2864 siguificat)
948 2800 1019 2840 con·
1110 2820 1117 2829 -

81 2887 241 2950 oiouantur
262 2877 400 2962 populo,
431 2892 461 2941 et
480 2882 684 2962 promittunt,
712 2902 765 2944 eos
792 2881 859 2945 fore
879 2883 1020 2945 dominat

81 3006 148 3049 non
179 2997 297 3044 tantum
325 2981 467 3062 puellae,
494 2983 548 3045 aad
568 2997 599 3045 et
627 2981 757 3046 fratrum
785 2984 870 3068 ejua‘,
900 3005 1022 3048 acom-
1097 3038 1101 3044 .

82 3088 171 3150 nium
191 3083 379 3145 facultatum.
488 3094 490 3104 ’
1079 3094 1082 3103 “

167 3185 219 3247 Sic
239 3184 335 3268 igilur
355 3183 491 3277 augescit
511 3199 682 3269 peccatum,
703 3197 735 3248 et
754 3185 856 3248 atatim
875 3182 960 3249 aliud
980 3205 1025 3246 ee·
1058 3262 1061 3267 ῃ

85 3309 158 3355 oum
186 3287 300 3362 trabit,
331 3285 457 3370 quando
486 3287 689 3369 poenitentia·
702 3307 766 3351 uon
793 3286 932 3348 diluitur.
974 3283 1026 3349 sic

84 3383 259 3457 fornicator
278 3401 331 3452 aut
350 3391 489 3467 adulter,
509 3389 634 3473 quando
657 3401 758 3450 manet
778 3388 810 3450 in
831 3389 935 3450 fucore
955 3386 1027 3448 tihi:

87 3495 192 3569 dinia,
218 3505 248 3554 ct
268 3494 403 3555 occurrit
422 3494 470 3569 ui,
499 3513 601 3574 aquo
622 3512 654 3554 ee
675 3491 861 3572 impeditum
881 3501 935 3550 aut
955 3507 1029 3570 pro·
1072 3517 1084 3530 ν

88 3599 191 3663 ditum
211 3594 249 3656 iri
270 3599 394 3672 metuit,
419 3586 482 3659 uon
502 3593 591 3656 facila
611 3589 776 3655 abstinebit
795 3591 839 3651 ab
855 3609 891 3652 eu
912 3610 1031 3666 mamm,

125 3707 309 3780 caueri-ou·
329 3718 427 3782 aegea
449 3705 501 3761 vot.
512 3703 579 3757 vm.
724 3686 775 3762 ιε’
