2236 4034
377 112 604 256 g'enssis.
681 174 698 195 '·
853 176 856 182 '
965 168 1006 236 73

57 323 141 412 agit,
175 322 218 385 its
245 331 281 384 st
306 316 406 383 multo
436 311 650 381 vehementius
677 294 1005 380 nominenominee
1063 310 1065 315 ’

57 449 90 491 se
111 440 142 491 et
161 425 348 512 purgando,
373 446 469 523 quam
489 423 554 485 ulls
568 418 726 484 'invectiva
756 420 858 502 facere
886 420 1007 503 potuis-

58 543 113 593 set.
155 529 208 593 Sic
229 529 314 591 enim
335 528 460 612 piorum
482 521 693 588 exeusationes
724 524 827 586 solent
853 544 921 614 esse
941 510 1031 594 si'm„

58 635 185 716 piorum
205 631 405 715 gravissimae
432 625 653 690 accusationes.
695 625 782 690 Siout
812 646 897 689 nuno
921 628 1007 712 Pups

57 750 89 798 et
112 737 283 818 complices
317 735 385 820 ejus
418 752 476 794 uos
501 712 647 795 accussat
676 729 827 807 haeresis,
862 731 1007 815 blasphe·
1057 783 1082 794 ..

56 836 415 917 mise,oontumaoiss,1
439 826 606 898 seditionis.
647 831 711 897 Set
740 833 766 895 si
793 838 1006 921 respondero:

56 945 133 1008 Nou
154 966 223 1007 sum
243 941 434 1017 Haeretious,
453 942 517 1003 uon
537 959 607 1001 sum
628 939 802 1018 seditiosus,
824 944 904 1006 sicut
918 942 1008 1006 Chri·
1051 950 1054 954 '
1109 967 1111 975 ·

57 1062 123 1110 stus
144 1047 265 1111 Iudaeis
287 1047 369 1111 clare
390 1044 554 1136 etodisorto
579 1044 752 1126 respondet
773 1045 852 1119 (ioh.
868 1052 899 1122 8,
920 1046 1006 1116 49·)=

60 1150 163 1228 „Nou
184 1150 283 1212 habeo
300 1147 505 1221 Daemonium
514 1153 551 1210 “a
583 1147 670 1230 quod
690 1160 773 1211 certe
794 1160 919 1233 oportet
939 1147 1008 1212 fieri
1086 1187 1089 1199 «

58 1268 140 1330 (non
160 1257 242 1319 euim
263 1252 420 1316 debemus
433 1250 584 1314 adsentiri
604 1262 658 1325 aut
686 1264 788 1316 tacere
809 1254 849 1316 atl
870 1255 1009 1318 convicia

56 1346 216 1422 doctrinae
235 1371 266 1422 et
292 1357 433 1422 veritatis
461 1357 607 1433 divinas),
635 1354 682 1417 ibi
707 1354 795 1418 brevi
812 1354 1001 1446 ‘refutatione

56 1484 160 1549 arguo
185 1462 290 1555 ipsum
310 1459 498 1524 Pontificem·
518 1460 661 1524 omnium
688 1459 841 1524 scelerum
871 1473 902 1524 et
931 1482 1007 1547 pro-

55 1567 206 1643 brorum,
226 1584 364 1649 quoruus
384 1584 443 1626 uos
463 1564 661 1629 insimulavit.

136 1767 271 1853 Insignis
299 1765 500 1855 igitur-haec
527 1769 676 1850 purgatio
703 1728 758 1832 est.
807 1768 890 1833 Nam
917 1770 1008 1836 tacite
1056 1746 1083 1873 .'

56 1874 276 1940 conscientiam
297 1871 479 1956 hypocritas
499 1873 652 1963 appellat,
674 1886 710 1936 et
725 1895 762 1935 ex
783 1877 930 1938 omuibus
946 1876 1007 1939 fao·

59 1979 100 2040 tis
122 1978 188 2060 ejus
210 1975 315 2060 arguit
333 1998 405 2038 oum
432 1976 624 2040 crudelitatis
655 1988 684 2039 et
704 1978 884 2060 tyrannidis.
926 1981 1007 2057 Tus,
1088 2020 1091 2027 ·

56 2079 178 2162 inquit,
198 2077 385 2141 conscientia
405 2078 497 2141 nobis
517 2079 602 2141 testis
624 2090 688 2156 est,
712 2080 799 2163 quod
820 2102 878 2142 nos
900 2093 1010 2145 tracta·
1102 2087 1107 2105 ¹

58 2182 99 2244 sti
125 2180 362 2258 inclementius,
389 2181 468 2244 adso
496 2192 532 2241 ut
551 2174 820 2265 justam'csussm
846 2166 1028 2248 habuerim*
1084 2240 1088 2259 ,,

58 2284 230 2348 meditandi
250 2281 366 2368 fugam.
406 2281 462 2349 sie
487 2284 569 2347 enim
596 2283 631 2345 in
658 2284 797 2348 animum
822 2289 1010 2353 inducebant

60 2409 177 2450 meum:
200 2375 241 2448 si'
254 2386 561 2463 resciverit‘stsn,
582 2407 632 2448 use
653 2385 780 2471 fugere,
802 2391 914 2473 eripiet
933 2411 1009 2455 uxo·
1055 2453 1057 2457 ,
1113 2370 1117 2377 Ι

60 2515 112 2554 res
131 2505 161 2554 et
181 2490 303 2569 omnis,
325 2502 355 2552 st
376 2489 519 2573 conjiciet
532 2477 590 2552 ¹me
609 2491 645 2551 in
666 2491 795 2554 vincula.
837 2494 886 2554 An
901 2493 937 2555 id
959 2493 1011 2555 de·
1032 2571 1036 2583 Ι

61 2609 113 2658 oet
138 2595 241 2657 virum
267 2592 407 2668 bouum,
441 2590 485 2653 itu
512 2602 642 2655 tractare
676 2593 835 2656 hominem
870 2593 1013 2675 fidelem,¹

61 2711 219 2774 sanctum,
248 2696 394 2759 sedulum
419 2706 449 2757 st
476 2693 659 2777 vigilantem
685 2694 719 2756 in
747 2700 945 2780 procuranda
973 2692 1015 2764 re

60 2799 224 2877 familiari,
251 2812 287 2862 ut
306 2811 440 2883 cogatur
459 2810 594 2860 metuere
614 2798 678 2859 vim
699 2811 730 2860 et
749 2800 895 2884 injuriam
925 2824 1012 2866 eoos·

61 2909 107 2982 ri,
136 2926 176 2967 ne
195 2905 222 2967 is
244 2901 363 2966 oblitus
390 2899 620 2983 conjunctionis
648 2902 857 2982 arctissimae,
885 2905 1013 2968 merito-

62 3032 135 3074 rum
157 3020 188 3072 et
208 2996 358 3091 στοργῆς
377 3025 451 3088 erga
471 2994 623 3099 gotiacumv
650 3017 704 3069 aut
729 3006 828 3087 fiii‘as,
855 3009 1013 3074 abstrahat
1087 2986 1092 2998 ι

62 3133 174 3175 uxores
194 3132 213 3174 u
232 3108 367 3172 marito?
402 3109 451 3170 An
470 3109 505 3174 id
523 3109 712 3175 laudandum
726 3125 783 3185 sut
803 3109 1024 3179 excusandum

64 3215 138 3278 csti‘·
164 3210 248 3275 'lmo
277 3210 495 3294 turpissimum
524 3224 588 3290 est,
614 3225 645 3277 et
672 3228 796 3302 pugnat
823 3220 895 3281 cum
924 3218 1013 3282 omni

63 3318 187 3379 rationo
209 3328 238 3379 ct
267 3316 436 3379 honestate.
476 3316 558 3380 Filia
577 3315 668 3381 cnim'
681 3318 794 3380 tradita
814 3320 927 3382 marito
948 3342 1013 3384 nou
1073 3362 1078 3372 ι
1110 3362 1113 3368 -

64 3420 200 3502 amplius
222 3432 269 3481 est
287 3419 320 3480 in
340 3431 494 3503 potestate
513 3419 628 3504 patris:
657 3435 745 3506 pater
764 3442 828 3484 uon
848 3421 942 3484 habet
962 3421 1030 3505 j'us¹
1087 3486 1089 3490 ,

64 3520 226 3606 repetendi
245 3534 300 3583 aut
318 3521 463 3604 rapiandi
482 3519 590 3604 filiam.
629 3522 702 3587 idco
723 3522 888 3595 horribilis
905 3527 1013 3590 crude·
1089 3580 1091 3587 Α

65 3627 138 3689 lites
159 3622 235 3702 fuis,
262 3625 349 3709 quod
369 3626 401 3688 iu
421 3626 483 3690 hoo
502 3623 644 3711 periculo
671 3625 810 3712 optimus
837 3625 887 3692 vir
912 3638 1014 3694 versae
1094 3639 1097 3643 ’
