2236 4034
434 189 614 274 genecio.
657 141 661 146 ι
937 198 996 266 991

54 335 106 399 red
134 333 277 399 historiae
303 333 432 400 Patrnm
459 358 530 426 non.
553 348 626 405 annt
646 340 853 408 aeatimand'ae
872 341 912 406 ab
932 343 997 409 itti·

54 439 215 522 operibus,
235 438 290 503 aed
309 439 417 524 potine
436 462 456 505 a
475 445 633 509 sanctitate
653 444 729 522 hac,
756 466 836 529 qnae
864 462 919 533 eet¹
931 459 998 516 'ter-

53 541 126 607 bom
149 544 240 606 Det·

128 644 298 729 Postquam
319 664 394 728 ergo
416 643 499 709 ridet
520 647 603 713 Dens
626 652 781 714 decertum
802 648 911 729 Iacob,
932 666 996 719 ete

53 748 114 814 ania
135 746 208 812 filiia
229 749 385 813 contemni
406 761 437 812 et
456 751 562 827 rideri,
583 772 640 814 nec
660 752 737 838 angi
758 773 810 815 eoa
827 776 999 841 magnope-

53 870 101 926 re,
123 851 208 933 quod
230 865 351 933 patrem
373 854 407 914 in
429 853 596 915 maximum
619 852 784 915 discrimen
799 856 996 923 adduxerunt
1070 920 1074 925 .

53 962 79 1012 et
100 953 296 1016 vehementer
316 957 554 1031 conmitterent,
576 966 754 1037 opportune
774 958 858 1022 adeat
877 975 907 1024 et
923 952 998 1026 oon·
1041 979 1054 1004 ⁴

53 1055 168 1118 rolatnr
187 1079 267 1120 eum.
310 1059 451 1122 Gemitus
473 1060 554 1120 enim
573 1057 711 1141 implevit
732 1059 856 1125 coelum
887 1077 916 1126 et
937 1077 997 1127 tar·
1042 1077 1054 1098 ‘

53 1177 126 1219 ram.
169 1157 276 1222 Oratio
298 1172 329 1222 et
349 1161 504 1243 lacrymae
526 1173 614 1235 tuac,
641 1160 708 1221 vult
729 1161 862 1242 diceres
878 1181 998 1251 cogunt

53 1283 114 1335 ne,
142 1272 178 1322 nt
206 1261 261 1323 tibi
288 1253 475 1325 succurram.
527 1248 619 1344 Quaex
635 1261 693 1323 tibi
721 1263 866 1328 ridentur
885 1269 997 1335 minari

52 1364 191 1443 exitium,
214 1365 290 1427 nihil
311 1386 440 1449 prorsus
462 1367 633 1429 nocebunt:
662 1385 723 1451 ego
751 1387 818 1429 enm
840 1368 995 1436 Dominae

52 1466 134 1527 Deus
155 1479 236 1529 tune.
276 1466 331 1529 Me
351 1469 547 1550 permittente
567 1462 936 1551 sichimitae‘interiecti‚
965 1489 997 1540 et

52 1582 115 1631 tota
134 1563 216 1633 haec
229 1569 389 1655 tragoedia
410 1571 564 1633 concitata
591 1583 653 1644 eet,
680 1568 754 1632 ideo
775 1584 811 1633 ut
830 1586 861 1636 te
881 1578 995 1661 proba.

52 1695 131 1751 rem,
157 1687 194 1737 ut
220 1686 251 1736 te
279 1695 448 1736 exercerem
479 1672 697 1738 etredderem
725 1684 755 1734 tc
774 1677 943 1756 probatum
964 1695 995 1747 et

52 1777 191 1840 electum.
233 1775 295 1839 Sed
315 1777 399 1840 bono
421 1775 525 1838 animo
547 1786 631 1850 esto,
653 1795 712 1858 ego
734 1779 883 1842 coercebo
906 1793 996 1859 etrc·
1076 1785 1078 1792 ’

52 1882 182 1965 primam
204 1901 327 1943 omnem
348 1878 484 1943 furorem
505 1887 534 1939 et
555 1873 711 1937 fremitum
732 1880 854 1961 populi,
876 1895 906 1944 et
923 1904 996 1946 con·

52 1997 166 2045 tertam
186 2003 357 2045 moerorem
379 1995 408 2045 et
430 1981 588 2065 planctum
609 1991 696 2041 tunm
716 1977 919 2064 ingaudium.
950 1984 994 2055 Et

52 2100 83 2148 tu
104 2087 164 2149 cria
186 2086 329 2150 dominae
349 2086 383 2149 in
404 2083 537 2150 Sichem.
579 2079 632 2143 sic
653 2080 737 2142 enim
758 2101 777 2143 a
799 2105 848 2146 me
869 2085 993 2150 ordina·

52 2204 114 2252 tum
136 2202 190 2250 eet.

126 2289 213 2352 Sicut
233 2288 375 2352 Rohonm
397 2310 468 2351 cum
489 2283 581 2348 vellet
597 2283 744 2347 reducere
761 2285 865 2351 decem
881 2291 993 2371 tribua,
1088 2282 1091 2286 ’

51 2391 232 2477 prohibetur
259 2391 295 2456 id
314 2391 429 2466 secere,
460 2401 491 2451 et
512 2384 586 2449 dicit
606 2385 760 2448 Dominus
780 2390 819 2451 ad
840 2381 993 2457 semeiam

51 2504 81 2568 [Ω
97 2497 196 2558 Paral.
221 2501 274 2570 11,
295 2494 360 2569 4.)a
383 2492 485 2570 „Non
506 2487 719 2564 adecendetia,
739 2511 840 2574 nequa
861 2494 993 2579 bellabis

51 2598 87 2660 tia
103 2610 211 2660 contra
223 2595 331 2660 fratrea
346 2610 481 2671 rectene„
492 2592 575 2655 filice
587 2587 698 2686 terail:
719 2607 993 2677 reyertetnrnnna·

51 2701 182 2786 quiaque
209 2700 243 2762 in
271 2701 400 2764 domum
429 2720 525 2763 auem.
572 2694 601 2755 A
629 2714 679 2755 me
707 2694 788 2757 enim
809 2695 923 2761 sactum
944 2711 992 2763 eat

51 2803 177 2866 terbum
199 2802 307 2879 hoo“,
327 2804 474 2866 nimirum
493 2811 529 2862 ut
548 2793 694 2882 punirem
715 2810 835 2879 patrem
851 2800 991 2866 Selomo‘i

51 2925 118 2966 nem
146 2916 176 2966 et
200 2901 300 2966 filium
329 2906 415 2990 cjna,
445 2902 597 2964 Roboam.
646 2898 699 2962 Sic
728 2899 801 2961 cinit
821 2902 988 2987 aliqnando

51 3005 133 3068 Deua
154 3006 288 3092 graecari
307 3007 442 3070 'l'urcnm
462 3017 492 3067 et
506 2996 697 3078 Pontificem,
718 3015 749 3064 et
767 3026 902 3083 rutrum,
917 3028 1000 3072 cone

51 3109 132 3185 vult,
152 3107 296 3190 reprimit
315 3120 478 3193 utrunque.
520 3105 584 3190 Qui
604 3104 693 3179 enim·
706 3107 812 3188 potuit
821 3108 989 3172 terminum

50 3213 140 3287 mari,
170 3211 225 3272 itte
245 3211 338 3272 ctiam
358 3224 458 3273 certor
485 3209 600 3270 limitce
626 3207 785 3273 furoribus
814 3210 940 3274 Diaboli
959 3224 990 3276 et

50 3315 157 3378 mnndi
177 3312 352 3391 conatitnit3
372 3314 453 3376 aicut
473 3312 616 3378 Chrietna
641 3311 676 3377 in
696 3313 786 3376 horto
807 3310 898 3390 dicit,
924 3312 989 3377 Iiu-
1052 3354 1067 3367 ·-

50 3421 155 3483 tacid-
178 3419 316 3491 (r.51.):
337 3415 463 3493 „Sinite
483 3436 582 3499 neque
602 3413 704 3478 hn'c“.

126 3519 213 3581 Haec
234 3518 339 3580 omnia
358 3504 550 3587 antem'ideo
581 3515 730 3600 permittit
756 3511 841 3580 Dana
860 3514 992 3591 iiari,ot

50 3624 155 3693 doceat
176 3640 235 3687 noe
254 3621 418 3702 invocare,
439 3619 590 3697 clamaret
608 3641 741 3708 gernere.
791 3620 877 3686 Here
904 3618 991 3685 enirn

562 3728 633 3798 tt·
