2250 4042
466 113 685 242 gpir'ssia'
790 148 868 259 ε’·
966 156 1029 225 997

82 307 123 371 tis
143 308 255 392 gratias
276 305 356 391 agit,
376 320 407 368 et
428 318 518 386 parat
537 303 765 386 profectionem
785 299 1029 378 annotatum

67 411 223 496 ¹primum
244 431 315 469 eum
336 410 512 470 consolatus
533 409 634 470 suerat
654 405 816 466 Dominus.
909 418 913 423 ·

165 512 217 573 Ait
231 496 346 573 ,autem
361 513 477 589 Moses,
498 513 638 573 locutum
653 531 719 572 essa
733 506 826 593 laoob
841 506 879 567 ad
898 497 1028 568 domum

85 635 192 688 snam,
213 629 242 676 et
264 637 390 689 omnes,
412 615 559 698 quicum
578 613 649 695 ipso
670 609 807 682 fuerant,
834 609 891 670 nbi
920 608 1030 668 distin·

85 713 155 802 gait
180 719 262 780 inter
292 718 478 779 domesticos
507 729 538 778 et
565 728 733 778 extraneos.
776 711 946 773 Domestici
967 710 1031 773 fos·
1114 771 1119 781 ,

86 833 161 883 runt
181 820 309 895 uxores,
330 821 438 895 liberi,
461 822 540 882 servi
561 833 591 881 et
612 816 748 880 ancillae.
774 815 863 876 Alios
878 836 961 888 vero,
976 816 1031 897 qui

86 943 159 983 cam
179 924 250 1005 ipso
272 922 599 1015 fueruntpintelligit,
621 943 755 1004 quorum
778 922 872 984 corda
887 921 1031 1002 tetigerat
1078 920 1105 994 ’,

87 1023 189 1104 Iloua,
210 1035 244 1084 nt
264 1025 467 1110 adiungerent
487 1047 519 1088 se
540 1025 646 1088 domui
668 1024 759 1086 Iacob
782 1023 845 1084 sire
858 1022 1031 1082 connubio-

48 1212 50 1217 .
82 1149 158 1189 rum
179 1149 251 1209 spe,
280 1128 344 1189 sive
365 1130 451 1214 quod
472 1152 507 1191 ex
527 1130 641 1212 praeda
669 1141 699 1188 et
724 1125 835 1210 spoliis
861 1123 1032 1185 Sicbimita-

87 1248 159 1289 ram
178 1245 374 1295 accesserant.
416 1232 514 1316 Saepe
534 1233 620 1294 enim
643 1231 714 1305 dixi,
734 1230 863 1293 maxime
884 1227 1032 1301 credibile

88 1351 166 1404 ease,
187 1333 284 1413 qnod,
306 1335 488 1398 docentibus
502 1334 701 1408 Patriarchis,
722 1332 813 1393 multi
830 1354 866 1393 ex
887 1331 1033 1416 gentibus

70 1431 294 1496 confluxerint
321 1437 362 1498 ad
389 1457 459 1508 eos,
488 1436 543 1517 qui
564 1437 722 1509 viderunt,
751 1433 946 1496 Patriarchaa
968 1421 1057 1515 pase
1121 1444 1124 1449 '

88 1532 175 1593 viror
194 1535 265 1616 pios
286 1550 316 1598 et
336 1550 478 1612 sanctos,
500 1552 529 1600 et
550 1536 652 1605 Deam
673 1558 744 1601 oum
765 1534 841 1617 ipsis
856 1554 933 1612 esse,
948 1538 1034 1613 ideo·

91 1654 152 1714 que
174 1634 345 1700 doctrinam
366 1661 472 1701 eorum
494 1616 677 1702 iudicarunt
698 1652 735 1707 et¹
748 1637 883 1718 amplexi
904 1651 986 1701 sunt.
1019 1702 1024 1715 ¹

171 1738 250 1803 Cum
273 1745 355 1804 enim
376 1757 477 1805 essent
495 1742 591 1828 legati
608 1755 638 1804 et
657 1761 827 1824 praecones
847 1740 935 1801 verbi
957 1739 1042 1803 diti.

91 1841 175 1904 nitus
194 1843 227 1906 in
249 1846 356 1907 orbem
377 1846 489 1923 misai„
502 1865 567 1906 non
589 1834 807 1938 cogitisbimus,
829 1843 1035 1917 ministeriam

93 1965 200 2007 eornm
223 1947 289 2009 sine
309 1947 411 2010 fructu
429 1949 553 2009 abiisse.
600 1945 668 2009 Neo
688 1947 737 2008 illi
757 1958 883 2017 tantum-¹
896 1944 1035 2027 adjuncti

93 2062 181 2122 sunt,
204 2051 258 2132 qni
280 2052 317 2112 de
332 2052 482 2137 sangnine
494 2049 739 2113 Patriarcharnm
753 2065 853 2127 erant,
875 2051 1035 2114 sedetiam

93 2151 246 2222 extranei,
268 2153 374 2235 quales
394 2151 519 2213 fuerunt
539 2173 633 2234 snpra
654 2150 861 2221 confoederati
881 2153 1035 2226 Abrahae,

93 2253 210 2319 Eschol
231 2267 261 2317 et
282 2259 380 2331 Aner,
408 2257 465 2338 qni
486 2277 594 2317 omnes
621 2255 704 2317 lraod
733 2256 827 2318 dubie
851 2255 1037 2336 audiverunt

93 2357 242 2429 verbnm,
270 2359 344 2421 item
366 2359 556 2422 Ahimelesh.
599 2361 641 2423 Et
662 2373 771 2442 postea
792 2357 905 2441 loseph
925 2358 958 2417 in
979 2361 1037 2417 Ae·

94 2473 205 2542 gypto‚
227 2460 340 2523 Daniel
359 2461 393 2521 in
413 2461 582 2542 Babylone,
604 2460 747 2522 lonasio
769 2460 883 2522 Ninive
904 2461 1036 2523 tradide-

94 2571 169 2621 runt
188 2560 358 2624 doctrinam
380 2565 417 2626 de
438 2564 515 2624 Deo.
555 2562 696 2649 Collegit
718 2565 816 2650 igitar
836 2565 920 2626 Deus
941 2566 1037 2629 ecclc·

95 2665 175 2727 siam
194 2665 228 2728 in
249 2665 366 2728 mondo
396 2686 458 2726 non
480 2686 514 2725 ex
534 2687 594 2726 nna
622 2678 739 2726 tantam
768 2666 883 2728 familia
904 2667 1037 2729 Patriac-

96 2767 243 2845 charnm,
270 2769 325 2830 sed
346 2788 381 2832 ex
401 2769 544 2833 omnihus
564 2767 727 2853 gentibus,
756 2768 796 2832 ad
809 2752 902 2855 'quas
930 2790 1036 2854 perro·

95 2872 143 2935 nit
162 2873 301 2936 verbnm.
378 2910 381 2917 ,
1018 2946 1021 2951 ,

175 2974 224 3035 aa
254 2975 339 3038 hunc
365 2976 495 3038 modum
522 2973 612 3036 multi
634 2994 676 3035 ex
698 2971 867 3037 Cenanaeir
893 2975 1035 3058 adjunxe-

94 3085 170 3136 runt
189 3095 221 3135 sa
242 3075 352 3152 Iacob,
381 3091 412 3140 et
432 3077 630 3141 crediderunt
657 3076 752 3139 verbo
774 3080 855 3160 ejas,
886 3078 941 3160 qni
962 3093 1036 3141 sunt

97 3175 243 3239 divinitus
263 3180 361 3261 erepti
388 3201 422 3241 ex
443 3179 531 3241 malis
551 3179 799 3259 impendentibus
827 3192 859 3241 et
878 3179 1034 3245 idolatris.

96 3279 188 3342 Siout
207 3279 315 3342 Rahab
336 3284 489 3358 meretrix,
510 3266 616 3345 iosuae
637 3291 663 3352 9.
688 3305 759 3345 aum
780 3280 911 3355 rideret,
939 3293 1035 3349 totam

98 3381 252 3445 civitatem
279 3383 314 3444 in
341 3385 479 3468 periculo
509 3404 592 3458 esse,
622 3383 764 3468 adjungit
784 3404 817 3444 sa
838 3385 1037 3467 exploratori·

95 3484 166 3559 bne,
187 3497 218 3548 et
237 3486 342 3568 petit‚·
359 3499 395 3548 ut
415 3507 447 3550 re
469 3497 499 3549 et
518 3484 663 3549 familiam
683 3508 769 3550 enam
790 3490 909 3553 serrare
930 3490 1036 3555 velint

97 3586 231 3674 Semper
257 3588 337 3652 enin
359 3588 536 3674 aliquorum
561 3589 660 3653 eorda
681 3601 863 3675 tangantur,
894 3593 935 3656 ad
957 3613 1038 3681 φοι
