<?xml version="1.0" encoding="UTF-8"?>
<!DOCTYPE html PUBLIC "-//W3C//DTD XHTML 1.0 Transitional//EN"
    "http://www.w3.org/TR/xhtml1/DTD/xhtml1-transitional.dtd">
<html xmlns="http://www.w3.org/1999/xhtml" xml:lang="en" lang="en">
 <head>
  <title>
</title>
<meta http-equiv="Content-Type" content="text/html;charset=utf-8" />
  <meta name='ocr-system' content='tesseract 3.04.00' />
  <meta name='ocr-capabilities' content='ocr_page ocr_carea ocr_par ocr_line ocrx_word'/>
</head>
<body>
  <div class='ocr_page' id='page_1' title='image "./exegeticaoperal05luthgoog_0118.png"; bbox 0 0 2236 4034; ppageno 0'>
   <div class='ocr_carea' id='block_1_1' title="bbox 446 192 1010 302">
    <p class='ocr_par' dir='ltr' id='par_1_1' title="bbox 446 192 1010 302">
     <span class='ocr_line' id='line_1_1' title="bbox 446 192 1010 302; baseline -0.004 -24"><span class='ocrx_word' id='word_1_1' title='bbox 446 213 628 302; x_wconf 74' lang='lat' dir='ltr'><strong>gruaria.</strong></span> <span class='ocrx_word' id='word_1_2' title='bbox 759 244 765 260; x_wconf 79' lang='lat'>=</span> <span class='ocrx_word' id='word_1_3' title='bbox 916 192 1010 289; x_wconf 41' lang='lat'><strong>&#39;117</strong></span> 
     </span>
    </p>
   </div>
   <div class='ocr_carea' id='block_1_2' title="bbox 41 361 1098 3719">
    <p class='ocr_par' dir='ltr' id='par_1_2' title="bbox 41 361 1098 3719">
     <span class='ocr_line' id='line_1_2' title="bbox 53 361 1010 441; baseline 0.004 -15"><span class='ocrx_word' id='word_1_4' title='bbox 53 363 193 426; x_wconf 81' lang='lat' dir='ltr'>Proinde</span> <span class='ocrx_word' id='word_1_5' title='bbox 221 361 312 425; x_wconf 83' lang='lat' dir='ltr'><strong>nulla</strong></span> <span class='ocrx_word' id='word_1_6' title='bbox 340 378 433 427; x_wconf 79' lang='lat' dir='ltr'><strong>oauoa</strong></span> <span class='ocrx_word' id='word_1_7' title='bbox 465 376 528 441; x_wconf 82' lang='lat' dir='ltr'><strong>eat,</strong></span> <span class='ocrx_word' id='word_1_8' title='bbox 556 384 614 428; x_wconf 86' lang='lat' dir='ltr'><strong>our</strong></span> <span class='ocrx_word' id='word_1_9' title='bbox 637 361 863 429; x_wconf 72' lang='lat' dir='ltr'><strong>abhorreamus</strong></span> <span class='ocrx_word' id='word_1_10' title='bbox 888 363 1010 431; x_wconf 78' lang='lat' dir='ltr'><strong>abluo</strong></span> 
     </span>
     <span class='ocr_line' id='line_1_3' title="bbox 52 462 1009 550; baseline 0.003 -21"><span class='ocrx_word' id='word_1_11' title='bbox 52 468 129 529; x_wconf 82' lang='lat' dir='ltr'><strong>ritae</strong></span> <span class='ocrx_word' id='word_1_12' title='bbox 157 486 299 550; x_wconf 79' lang='lat' dir='ltr'><strong>gauere,</strong></span> <span class='ocrx_word' id='word_1_13' title='bbox 334 473 389 524; x_wconf 89' lang='lat' dir='ltr'><strong>aut</strong></span> <span class='ocrx_word' id='word_1_14' title='bbox 413 463 535 547; x_wconf 77' lang='lat' dir='ltr'><strong>puriora</strong></span> <span class='ocrx_word' id='word_1_15' title='bbox 570 476 602 529; x_wconf 85' lang='lat' dir='ltr'><strong>et</strong></span> <span class='ocrx_word' id='word_1_16' title='bbox 633 462 826 527; x_wconf 72' lang='lat' dir='ltr'><strong>tenuandia</strong></span> <span class='ocrx_word' id='word_1_17' title='bbox 858 467 1009 548; x_wconf 77' lang='lat' dir='ltr'><strong>deterriti,</strong></span> 
     </span>
     <span class='ocr_line' id='line_1_4' title="bbox 54 560 1009 633; baseline 0.003 -5"><span class='ocrx_word' id='word_1_18' title='bbox 54 568 131 628; x_wconf 85' lang='lat' dir='ltr'><strong>olam</strong></span> <span class='ocrx_word' id='word_1_19' title='bbox 152 578 184 627; x_wconf 79' lang='lat' dir='ltr'><strong>et</strong></span> <span class='ocrx_word' id='word_1_20' title='bbox 214 564 326 628; x_wconf 82' lang='lat' dir='ltr'><strong>furtim</strong></span> <span class='ocrx_word' id='word_1_21' title='bbox 345 562 427 626; x_wconf 82' lang='lat' dir='ltr'><strong>illud</strong></span> <span class='ocrx_word' id='word_1_22' title='bbox 450 560 597 631; x_wconf 71' lang='lat' dir='ltr'><strong>&#39;ineamus</strong></span> <span class='ocrx_word' id='word_1_23' title='bbox 627 576 734 627; x_wconf 83' lang='lat' dir='ltr'><strong>eontra</strong></span> <span class='ocrx_word' id='word_1_24' title='bbox 761 563 955 631; x_wconf 81' lang='lat' dir='ltr'><strong>honoitatem</strong></span> <span class='ocrx_word' id='word_1_25' title='bbox 977 576 1009 633; x_wconf 69' lang='lat' dir='ltr'><strong>‘at</strong></span> 
     </span>
     <span class='ocr_line' id='line_1_5' title="bbox 55 665 1008 752; baseline 0.004 -24"><span class='ocrx_word' id='word_1_26' title='bbox 55 680 217 752; x_wconf 81' lang='lat' dir='ltr'><strong>pareutum</strong></span> <span class='ocrx_word' id='word_1_27' title='bbox 238 667 443 728; x_wconf 78' lang='lat' dir='ltr'><strong>voluntatem.</strong></span> <span class='ocrx_word' id='word_1_28' title='bbox 463 665 539 728; x_wconf 88' lang='lat' dir='ltr'><strong>Nou</strong></span> <span class='ocrx_word' id='word_1_29' title='bbox 559 678 699 728; x_wconf 82' lang='lat' dir='ltr'><strong>vereatur</strong></span> <span class='ocrx_word' id='word_1_30' title='bbox 718 667 826 747; x_wconf 86' lang='lat' dir='ltr'><strong>puella</strong></span> <span class='ocrx_word' id='word_1_31' title='bbox 845 668 933 732; x_wconf 83' lang='lat' dir='ltr'><strong>adire</strong></span> <span class='ocrx_word' id='word_1_32' title='bbox 955 691 1008 752; x_wconf 89' lang='lat' dir='ltr'><strong>pa-</strong></span> 
     </span>
     <span class='ocr_line' id='line_1_6' title="bbox 54 754 1006 851; baseline 0.001 -19"><span class='ocrx_word' id='word_1_33' title='bbox 54 782 167 845; x_wconf 79' lang='lat' dir='ltr'><strong>noter,</strong></span> <span class='ocrx_word' id='word_1_34' title='bbox 190 780 224 830; x_wconf 87' lang='lat' dir='ltr'><strong>at</strong></span> <span class='ocrx_word' id='word_1_35' title='bbox 243 780 350 851; x_wconf 85' lang='lat' dir='ltr'><strong>patero</strong></span> <span class='ocrx_word' id='word_1_36' title='bbox 371 766 431 830; x_wconf 76' lang='lat' dir='ltr'><strong>tibi</strong></span> <span class='ocrx_word' id='word_1_37' title='bbox 445 754 485 828; x_wconf 74' lang='lat' dir='ltr'><strong>&#39;in</strong></span> <span class='ocrx_word' id='word_1_38' title='bbox 505 766 740 829; x_wconf 71' lang='lat' dir='ltr'><strong>matrimonium</strong></span> <span class='ocrx_word' id='word_1_39' title='bbox 754 767 922 831; x_wconf 78' lang='lat' dir='ltr'><strong>honestum</strong></span> <span class='ocrx_word' id='word_1_40' title='bbox 932 770 1006 833; x_wconf 85' lang='lat' dir='ltr'><strong>ado·</strong></span> 
     </span>
     <span class='ocr_line' id='line_1_7' title="bbox 56 868 1006 952; baseline 0.001 -17"><span class='ocrx_word' id='word_1_41' title='bbox 56 873 228 935; x_wconf 81' lang='lat' dir='ltr'><strong>leroeutem.</strong></span> <span class='ocrx_word' id='word_1_42' title='bbox 272 868 315 931; x_wconf 86' lang='lat' dir='ltr'><strong>Et</strong></span> <span class='ocrx_word' id='word_1_43' title='bbox 335 881 478 952; x_wconf 77' lang='lat' dir='ltr'><strong>parentet</strong></span> <span class='ocrx_word' id='word_1_44' title='bbox 499 890 584 931; x_wconf 85' lang='lat' dir='ltr'><strong>nuno</strong></span> <span class='ocrx_word' id='word_1_45' title='bbox 602 881 687 932; x_wconf 86' lang='lat' dir='ltr'><strong>reota</strong></span> <span class='ocrx_word' id='word_1_46' title='bbox 707 868 843 933; x_wconf 78' lang='lat' dir='ltr'><strong>instituti</strong></span> <span class='ocrx_word' id='word_1_47' title='bbox 864 885 953 950; x_wconf 81' lang='lat' dir='ltr'><strong>aaut,</strong></span> <span class='ocrx_word' id='word_1_48' title='bbox 974 887 1006 936; x_wconf 85' lang='lat' dir='ltr'><strong>et</strong></span> 
     </span>
     <span class='ocr_line' id='line_1_8' title="bbox 55 966 1006 1059; baseline 0.001 -23"><span class='ocrx_word' id='word_1_49' title='bbox 55 972 166 1059; x_wconf 89' lang='lat' dir='ltr'><strong>promti</strong></span> <span class='ocrx_word' id='word_1_50' title='bbox 187 972 229 1035; x_wconf 72' lang='lat' dir='ltr'><strong>arl</strong></span> <span class='ocrx_word' id='word_1_51' title='bbox 251 970 481 1034; x_wconf 83' lang='lat' dir='ltr'><strong>oouaulendum</strong></span> <span class='ocrx_word' id='word_1_52' title='bbox 500 968 624 1033; x_wconf 79' lang='lat' dir='ltr'><strong>liberior</strong></span> <span class='ocrx_word' id='word_1_53' title='bbox 652 981 726 1033; x_wconf 80' lang='lat' dir='ltr'><strong>tunt</strong></span> <span class='ocrx_word' id='word_1_54' title='bbox 745 966 843 1056; x_wconf 77' lang='lat' dir='ltr'><strong>at&#39;pii</strong></span> <span class='ocrx_word' id='word_1_55' title='bbox 863 985 1006 1057; x_wconf 75' lang='lat' dir='ltr'><strong>pastores</strong></span> 
     </span>
     <span class='ocr_line' id='line_1_9' title="bbox 57 1070 1084 1161; baseline -0.001 -22"><span class='ocrx_word' id='word_1_56' title='bbox 57 1090 82 1139; x_wconf 84' lang='lat' dir='ltr'><strong>et</strong></span> <span class='ocrx_word' id='word_1_57' title='bbox 105 1076 329 1161; x_wconf 69' lang='lat' dir='ltr'><strong>magistratus,</strong></span> <span class='ocrx_word' id='word_1_58' title='bbox 360 1072 417 1157; x_wconf 87' lang='lat' dir='ltr'><strong>qui</strong></span> <span class='ocrx_word' id='word_1_59' title='bbox 443 1083 574 1156; x_wconf 78' lang='lat' dir='ltr'><strong>puerunt</strong></span> <span class='ocrx_word' id='word_1_60' title='bbox 601 1070 783 1153; x_wconf 69' lang='lat' dir='ltr'><strong>parentibus</strong></span> <span class='ocrx_word' id='word_1_61' title='bbox 816 1075 1005 1157; x_wconf 78' lang='lat' dir='ltr'><strong>persuadere</strong></span> <span class='ocrx_word' id='word_1_62' title='bbox 1081 1102 1084 1107; x_wconf 88' lang='lat'>·</span> 
     </span>
     <span class='ocr_line' id='line_1_10' title="bbox 57 1175 973 1260; baseline -0.008 -15"><span class='ocrx_word' id='word_1_63' title='bbox 57 1202 103 1246; x_wconf 77' lang='lat' dir='ltr'><strong>aua</strong></span> <span class='ocrx_word' id='word_1_64' title='bbox 121 1178 330 1250; x_wconf 75' lang='lat' dir='ltr'><strong>auctoritate,</strong></span> <span class='ocrx_word' id='word_1_65' title='bbox 351 1196 392 1238; x_wconf 91' lang='lat' dir='ltr'><strong>ne</strong></span> <span class='ocrx_word' id='word_1_66' title='bbox 413 1175 634 1260; x_wconf 74' lang='lat' dir='ltr'><strong>praebeantur</strong></span> <span class='ocrx_word' id='word_1_67' title='bbox 654 1175 751 1238; x_wconf 84' lang='lat' dir='ltr'><strong>duroa</strong></span> <span class='ocrx_word' id='word_1_68' title='bbox 772 1188 804 1239; x_wconf 80' lang='lat' dir='ltr'><strong>et</strong></span> <span class='ocrx_word' id='word_1_69' title='bbox 824 1175 973 1239; x_wconf 76' lang='lat' dir='ltr'><strong>difficiles.</strong></span> 
     </span>
     <span class='ocr_line' id='line_1_11' title="bbox 124 1274 1006 1366; baseline -0.005 -22"><span class='ocrx_word' id='word_1_70' title='bbox 124 1279 301 1366; x_wconf 81' lang='lat' dir='ltr'><strong>Fugienda</strong></span> <span class='ocrx_word' id='word_1_71' title='bbox 321 1277 426 1362; x_wconf 82' lang='lat' dir='ltr'><strong>itaque</strong></span> <span class='ocrx_word' id='word_1_72' title='bbox 447 1290 520 1340; x_wconf 81' lang='lat' dir='ltr'><strong>runt</strong></span> <span class='ocrx_word' id='word_1_73' title='bbox 539 1280 701 1362; x_wconf 71' lang='lat' dir='ltr'><strong>sponsalia</strong></span> <span class='ocrx_word' id='word_1_74' title='bbox 729 1278 784 1341; x_wconf 87' lang='lat' dir='ltr'><strong>illa</strong></span> <span class='ocrx_word' id='word_1_75' title='bbox 815 1274 1006 1354; x_wconf 79' lang='lat' dir='ltr'><strong>furtiva,·et</strong></span> 
     </span>
     <span class='ocr_line' id='line_1_12' title="bbox 56 1368 1006 1467; baseline -0.007 -20"><span class='ocrx_word' id='word_1_76' title='bbox 56 1404 115 1447; x_wconf 84' lang='lat' dir='ltr'><strong>tum</strong></span> <span class='ocrx_word' id='word_1_77' title='bbox 136 1368 268 1460; x_wconf 80' lang='lat' dir='ltr'><strong>lrouore</strong></span> <span class='ocrx_word' id='word_1_78' title='bbox 298 1378 356 1442; x_wconf 82' lang='lat' dir='ltr'><strong>Dei</strong></span> <span class='ocrx_word' id='word_1_79' title='bbox 386 1391 418 1443; x_wconf 87' lang='lat' dir='ltr'><strong>et</strong></span> <span class='ocrx_word' id='word_1_80' title='bbox 445 1381 614 1444; x_wconf 74' lang='lat' dir='ltr'><strong>ravennata</strong></span> <span class='ocrx_word' id='word_1_81' title='bbox 641 1393 804 1467; x_wconf 83' lang='lat' dir='ltr'><strong>pareutum</strong></span> <span class='ocrx_word' id='word_1_82' title='bbox 830 1377 1006 1442; x_wconf 83' lang='lat' dir='ltr'><strong>ineundum</strong></span> 
     </span>
     <span class='ocr_line' id='line_1_13' title="bbox 55 1478 1026 1568; baseline -0.002 -21"><span class='ocrx_word' id='word_1_83' title='bbox 55 1496 91 1547; x_wconf 79' lang='lat' dir='ltr'><strong>rat</strong></span> <span class='ocrx_word' id='word_1_84' title='bbox 110 1482 349 1547; x_wconf 69' lang='lat' dir='ltr'><strong>tenutissimum</strong></span> <span class='ocrx_word' id='word_1_85' title='bbox 370 1478 483 1545; x_wconf 75' lang='lat' dir='ltr'><strong>foedus</strong></span> <span class='ocrx_word' id='word_1_86' title='bbox 503 1482 652 1568; x_wconf 84' lang='lat' dir='ltr'><strong>conjugii.</strong></span> <span class='ocrx_word' id='word_1_87' title='bbox 714 1482 816 1566; x_wconf 83' lang='lat' dir='ltr'><strong>Hujut</strong></span> <span class='ocrx_word' id='word_1_88' title='bbox 846 1482 1026 1545; x_wconf 69' lang='lat' dir='ltr'><strong>rlootrinae&#39;</strong></span> 
     </span>
     <span class='ocr_line' id='line_1_14' title="bbox 55 1576 1098 1670; baseline 0 -20"><span class='ocrx_word' id='word_1_89' title='bbox 55 1586 172 1650; x_wconf 78' lang='lat' dir='ltr'><strong>allurtra</strong></span> <span class='ocrx_word' id='word_1_90' title='bbox 205 1582 384 1668; x_wconf 82' lang='lat' dir='ltr'><strong>exemplum</strong></span> <span class='ocrx_word' id='word_1_91' title='bbox 412 1583 475 1646; x_wconf 80' lang='lat' dir='ltr'><strong>hoo</strong></span> <span class='ocrx_word' id='word_1_92' title='bbox 500 1583 572 1647; x_wconf 81' lang='lat' dir='ltr'><strong>loeo</strong></span> <span class='ocrx_word' id='word_1_93' title='bbox 603 1585 806 1670; x_wconf 81' lang='lat' dir='ltr'><strong>proponitur.</strong></span> <span class='ocrx_word' id='word_1_94' title='bbox 846 1586 1007 1650; x_wconf 82' lang='lat' dir='ltr'><strong>Praeoedit</strong></span> <span class='ocrx_word' id='word_1_95' title='bbox 1094 1576 1098 1589; x_wconf 60' lang='lat'><strong>¹</strong></span> 
     </span>
     <span class='ocr_line' id='line_1_15' title="bbox 55 1687 1007 1776; baseline 0 -24"><span class='ocrx_word' id='word_1_96' title='bbox 55 1689 128 1753; x_wconf 81' lang='lat' dir='ltr'><strong>euim</strong></span> <span class='ocrx_word' id='word_1_97' title='bbox 150 1687 328 1751; x_wconf 79' lang='lat' dir='ltr'><strong>auotoritas</strong></span> <span class='ocrx_word' id='word_1_98' title='bbox 348 1699 379 1750; x_wconf 86' lang='lat' dir='ltr'><strong>et</strong></span> <span class='ocrx_word' id='word_1_99' title='bbox 393 1687 501 1771; x_wconf 81' lang='lat' dir='ltr'><strong>&#39;jurano</strong></span> <span class='ocrx_word' id='word_1_100' title='bbox 521 1689 662 1773; x_wconf 84' lang='lat' dir='ltr'><strong>parentio</strong></span> <span class='ocrx_word' id='word_1_101' title='bbox 681 1688 785 1768; x_wconf 83' lang='lat' dir='ltr'><strong>iaaac,</strong></span> <span class='ocrx_word' id='word_1_102' title='bbox 806 1691 861 1776; x_wconf 86' lang='lat' dir='ltr'><strong>qui</strong></span> <span class='ocrx_word' id='word_1_103' title='bbox 880 1691 1007 1754; x_wconf 75' lang='lat' dir='ltr'><strong>mandat</strong></span> 
     </span>
     <span class='ocr_line' id='line_1_16' title="bbox 51 1787 1005 1869; baseline -0.002 -12"><span class='ocrx_word' id='word_1_104' title='bbox 51 1790 132 1869; x_wconf 80' lang='lat' dir='ltr'><strong>filio,</strong></span> <span class='ocrx_word' id='word_1_105' title='bbox 154 1812 198 1854; x_wconf 82' lang='lat' dir='ltr'><strong>ne</strong></span> <span class='ocrx_word' id='word_1_106' title='bbox 223 1790 318 1854; x_wconf 79' lang='lat' dir='ltr'><strong>duent</strong></span> <span class='ocrx_word' id='word_1_107' title='bbox 339 1787 552 1867; x_wconf 71' lang='lat' dir='ltr'><strong>cananaeam,</strong></span> <span class='ocrx_word' id='word_1_108' title='bbox 581 1802 612 1852; x_wconf 82' lang='lat' dir='ltr'><strong>et</strong></span> <span class='ocrx_word' id='word_1_109' title='bbox 631 1790 705 1853; x_wconf 85' lang='lat' dir='ltr'><strong>huio</strong></span> <span class='ocrx_word' id='word_1_110' title='bbox 724 1811 846 1854; x_wconf 76' lang='lat' dir='ltr'><strong>mmma</strong></span> <span class='ocrx_word' id='word_1_111' title='bbox 866 1792 1005 1855; x_wconf 83' lang='lat' dir='ltr'><strong>volunta·</strong></span> 
     </span>
     <span class='ocr_line' id='line_1_17' title="bbox 54 1890 1005 1975; baseline 0 -18"><span class='ocrx_word' id='word_1_112' title='bbox 54 1909 80 1958; x_wconf 84' lang='lat' dir='ltr'><strong>ta</strong></span> <span class='ocrx_word' id='word_1_113' title='bbox 98 1894 305 1975; x_wconf 74' lang='lat' dir='ltr'><strong>obtemperat</strong></span> <span class='ocrx_word' id='word_1_114' title='bbox 324 1890 427 1954; x_wconf 87' lang='lat' dir='ltr'><strong>laoob.</strong></span> <span class='ocrx_word' id='word_1_115' title='bbox 450 1890 535 1955; x_wconf 73' lang='lat' dir='ltr'><strong>Esau</strong></span> <span class='ocrx_word' id='word_1_116' title='bbox 550 1892 707 1956; x_wconf 73' lang='lat' dir='ltr'><strong>diversum</strong></span> <span class='ocrx_word' id='word_1_117' title='bbox 728 1892 809 1970; x_wconf 80' lang='lat' dir='ltr'><strong>feeit,</strong></span> <span class='ocrx_word' id='word_1_118' title='bbox 830 1893 917 1958; x_wconf 80' lang='lat' dir='ltr'><strong>(luxit</strong></span> <span class='ocrx_word' id='word_1_119' title='bbox 929 1895 1005 1958; x_wconf 83' lang='lat' dir='ltr'><strong>duaa</strong></span> 
     </span>
     <span class='ocr_line' id='line_1_18' title="bbox 57 1993 1006 2081; baseline -0.002 -19"><span class='ocrx_word' id='word_1_120' title='bbox 57 1998 202 2081; x_wconf 72' lang='lat' dir='ltr'><strong>conjuges</strong></span> <span class='ocrx_word' id='word_1_121' title='bbox 224 1994 391 2071; x_wconf 80' lang='lat' dir='ltr'><strong>Hithaeaa,</strong></span> <span class='ocrx_word' id='word_1_122' title='bbox 417 1993 523 2057; x_wconf 82' lang='lat' dir='ltr'><strong>invitia</strong></span> <span class='ocrx_word' id='word_1_123' title='bbox 542 1994 740 2079; x_wconf 84' lang='lat' dir='ltr'><strong>parentihua,</strong></span> <span class='ocrx_word' id='word_1_124' title='bbox 770 2016 835 2080; x_wconf 88' lang='lat' dir='ltr'><strong>quo</strong></span> <span class='ocrx_word' id='word_1_125' title='bbox 855 1994 935 2059; x_wconf 77' lang='lat' dir='ltr'><strong>fatto</strong></span> <span class='ocrx_word' id='word_1_126' title='bbox 956 2017 1006 2060; x_wconf 69' lang='lat' dir='ltr'><strong>ra</strong></span> 
     </span>
     <span class='ocr_line' id='line_1_19' title="bbox 54 2096 1006 2173; baseline 0 -11"><span class='ocrx_word' id='word_1_127' title='bbox 54 2101 215 2162; x_wconf 82' lang='lat' dir='ltr'><strong>hemeuter</strong></span> <span class='ocrx_word' id='word_1_128' title='bbox 244 2112 300 2158; x_wconf 82' lang='lat' dir='ltr'><strong>eoa</strong></span> <span class='ocrx_word' id='word_1_129' title='bbox 321 2096 466 2173; x_wconf 79' lang='lat' dir='ltr'><strong>offendit,</strong></span> <span class='ocrx_word' id='word_1_130' title='bbox 494 2108 530 2158; x_wconf 90' lang='lat' dir='ltr'><strong>ut</strong></span> <span class='ocrx_word' id='word_1_131' title='bbox 559 2108 590 2159; x_wconf 84' lang='lat' dir='ltr'><strong>et</strong></span> <span class='ocrx_word' id='word_1_132' title='bbox 610 2097 694 2161; x_wconf 82' lang='lat' dir='ltr'><strong>laaao</strong></span> <span class='ocrx_word' id='word_1_133' title='bbox 724 2110 755 2161; x_wconf 86' lang='lat' dir='ltr'><strong>et</strong></span> <span class='ocrx_word' id='word_1_134' title='bbox 774 2099 915 2165; x_wconf 71' lang='lat' dir='ltr'><strong>Rebecca</strong></span> <span class='ocrx_word' id='word_1_135' title='bbox 935 2122 1006 2163; x_wconf 89' lang='lat' dir='ltr'><strong>oum</strong></span> 
     </span>
     <span class='ocr_line' id='line_1_20' title="bbox 53 2193 1041 2283; baseline -0.003 -19"><span class='ocrx_word' id='word_1_136' title='bbox 53 2202 161 2264; x_wconf 80' lang='lat' dir='ltr'><strong>dolore</strong></span> <span class='ocrx_word' id='word_1_137' title='bbox 182 2213 410 2283; x_wconf 80' lang='lat' dir='ltr'><strong>quererentur,</strong></span> <span class='ocrx_word' id='word_1_138' title='bbox 437 2220 470 2263; x_wconf 81' lang='lat' dir='ltr'><strong>ae</strong></span> <span class='ocrx_word' id='word_1_139' title='bbox 491 2222 509 2262; x_wconf 92' lang='lat' dir='ltr'><strong>a</strong></span> <span class='ocrx_word' id='word_1_140' title='bbox 529 2201 670 2265; x_wconf 81' lang='lat' dir='ltr'><strong>uurubuo</strong></span> <span class='ocrx_word' id='word_1_141' title='bbox 691 2201 803 2264; x_wconf 77' lang='lat' dir='ltr'><strong>mirere</strong></span> <span class='ocrx_word' id='word_1_142' title='bbox 830 2200 1007 2264; x_wconf 68' lang='lat' dir='ltr'><strong>uorudari.</strong></span> <span class='ocrx_word' id='word_1_143' title='bbox 1037 2193 1041 2200; x_wconf 76' lang='grc'><strong><em>’</em></strong></span> 
     </span>
     <span class='ocr_line' id='line_1_21' title="bbox 51 2300 1007 2387; baseline -0.001 -22"><span class='ocrx_word' id='word_1_144' title='bbox 51 2302 118 2365; x_wconf 82' lang='lat' dir='ltr'><strong>lloo</strong></span> <span class='ocrx_word' id='word_1_145' title='bbox 145 2300 372 2387; x_wconf 80' lang='lat' dir='ltr'><strong>graviaaimum</strong></span> <span class='ocrx_word' id='word_1_146' title='bbox 395 2313 562 2386; x_wconf 85' lang='lat' dir='ltr'><strong>peceatum</strong></span> <span class='ocrx_word' id='word_1_147' title='bbox 593 2314 624 2365; x_wconf 85' lang='lat' dir='ltr'><strong>et</strong></span> <span class='ocrx_word' id='word_1_148' title='bbox 644 2303 745 2367; x_wconf 84' lang='lat' dir='ltr'><strong>aoelua</strong></span> <span class='ocrx_word' id='word_1_149' title='bbox 764 2304 831 2369; x_wconf 80' lang='lat' dir='ltr'><strong>fuit.</strong></span> <span class='ocrx_word' id='word_1_150' title='bbox 872 2305 914 2366; x_wconf 79' lang='lat' dir='ltr'><strong>At</strong></span> <span class='ocrx_word' id='word_1_151' title='bbox 933 2322 1007 2365; x_wconf 81' lang='lat' dir='ltr'><strong>vero</strong></span> 
     </span>
     <span class='ocr_line' id='line_1_22' title="bbox 56 2403 1008 2490; baseline -0.005 -21"><span class='ocrx_word' id='word_1_152' title='bbox 56 2404 171 2488; x_wconf 75' lang='lat' dir='ltr'><strong>alioqui</strong></span> <span class='ocrx_word' id='word_1_153' title='bbox 197 2403 277 2487; x_wconf 84' lang='lat' dir='ltr'><strong>plna</strong></span> <span class='ocrx_word' id='word_1_154' title='bbox 296 2405 369 2467; x_wconf 78' lang='lat' dir='ltr'><strong>tatia</strong></span> <span class='ocrx_word' id='word_1_155' title='bbox 396 2406 607 2469; x_wconf 73' lang='lat' dir='ltr'><strong>molestiarum</strong></span> <span class='ocrx_word' id='word_1_156' title='bbox 636 2406 670 2469; x_wconf 88' lang='lat' dir='ltr'><strong>in</strong></span> <span class='ocrx_word' id='word_1_157' title='bbox 701 2405 856 2490; x_wconf 75' lang='lat' dir='ltr'><strong>conjugio</strong></span> <span class='ocrx_word' id='word_1_158' title='bbox 875 2404 1008 2466; x_wconf 72' lang='lat' dir='ltr'><strong>anatina-</strong></span> 
     </span>
     <span class='ocr_line' id='line_1_23' title="bbox 59 2506 1008 2594; baseline -0.004 -22"><span class='ocrx_word' id='word_1_159' title='bbox 59 2530 138 2572; x_wconf 81' lang='lat' dir='ltr'><strong>mua:</strong></span> <span class='ocrx_word' id='word_1_160' title='bbox 166 2530 230 2572; x_wconf 86' lang='lat' dir='ltr'><strong>our</strong></span> <span class='ocrx_word' id='word_1_161' title='bbox 256 2506 389 2591; x_wconf 70' lang='lat' dir='ltr'><strong>insuper</strong></span> <span class='ocrx_word' id='word_1_162' title='bbox 416 2522 474 2591; x_wconf 81' lang='lat' dir='ltr'><strong>por</strong></span> <span class='ocrx_word' id='word_1_163' title='bbox 500 2522 663 2594; x_wconf 77' lang='lat' dir='ltr'><strong>peceatum</strong></span> <span class='ocrx_word' id='word_1_164' title='bbox 691 2525 721 2573; x_wconf 88' lang='lat' dir='ltr'><strong>et</strong></span> <span class='ocrx_word' id='word_1_165' title='bbox 746 2519 936 2572; x_wconf 86' lang='lat' dir='ltr'><strong>contemtum</strong></span> <span class='ocrx_word' id='word_1_166' title='bbox 957 2526 1008 2590; x_wconf 84' lang='lat' dir='ltr'><strong>pa·</strong></span> 
     </span>
     <span class='ocr_line' id='line_1_24' title="bbox 57 2608 1009 2696; baseline -0.012 -17"><span class='ocrx_word' id='word_1_167' title='bbox 57 2628 178 2679; x_wconf 86' lang='lat' dir='ltr'><strong>rentum</strong></span> <span class='ocrx_word' id='word_1_168' title='bbox 201 2612 267 2674; x_wconf 86' lang='lat' dir='ltr'><strong>alia</strong></span> <span class='ocrx_word' id='word_1_169' title='bbox 288 2624 320 2673; x_wconf 87' lang='lat' dir='ltr'><strong>et</strong></span> <span class='ocrx_word' id='word_1_170' title='bbox 340 2610 484 2696; x_wconf 79' lang='lat' dir='ltr'><strong>graviora</strong></span> <span class='ocrx_word' id='word_1_171' title='bbox 503 2612 583 2676; x_wconf 87' lang='lat' dir='ltr'><strong>mala</strong></span> <span class='ocrx_word' id='word_1_172' title='bbox 611 2633 648 2675; x_wconf 88' lang='lat' dir='ltr'><strong>ao</strong></span> <span class='ocrx_word' id='word_1_173' title='bbox 667 2611 744 2674; x_wconf 86' lang='lat' dir='ltr'><strong>iram</strong></span> <span class='ocrx_word' id='word_1_174' title='bbox 771 2610 839 2674; x_wconf 86' lang='lat' dir='ltr'><strong>Dei.</strong></span> <span class='ocrx_word' id='word_1_175' title='bbox 851 2608 941 2671; x_wconf 77' lang='lat' dir='ltr'><strong>nobit</strong></span> <span class='ocrx_word' id='word_1_176' title='bbox 961 2629 1009 2670; x_wconf 78' lang='lat' dir='ltr'><strong>ao</strong></span> 
     </span>
     <span class='ocr_line' id='line_1_25' title="bbox 56 2712 1008 2798; baseline -0.009 -17"><span class='ocrx_word' id='word_1_177' title='bbox 56 2715 234 2780; x_wconf 74' lang='lat' dir='ltr'><strong>ceruimus?</strong></span> <span class='ocrx_word' id='word_1_178' title='bbox 256 2713 345 2798; x_wconf 85' lang='lat' dir='ltr'><strong>Quin</strong></span> <span class='ocrx_word' id='word_1_179' title='bbox 366 2712 473 2796; x_wconf 81' lang='lat' dir='ltr'><strong>potina</strong></span> <span class='ocrx_word' id='word_1_180' title='bbox 494 2713 702 2777; x_wconf 74' lang='lat' dir='ltr'><strong>contrahimus</strong></span> <span class='ocrx_word' id='word_1_181' title='bbox 731 2713 879 2798; x_wconf 84' lang='lat' dir='ltr'><strong>oonjugia</strong></span> <span class='ocrx_word' id='word_1_182' title='bbox 898 2713 933 2774; x_wconf 92' lang='lat' dir='ltr'><strong>in</strong></span> <span class='ocrx_word' id='word_1_183' title='bbox 954 2732 1008 2773; x_wconf 84' lang='lat' dir='ltr'><strong>no·</strong></span> 
     </span>
     <span class='ocr_line' id='line_1_26' title="bbox 54 2813 1008 2893; baseline -0.007 -11"><span class='ocrx_word' id='word_1_184' title='bbox 54 2821 138 2883; x_wconf 86' lang='lat' dir='ltr'><strong>mine</strong></span> <span class='ocrx_word' id='word_1_185' title='bbox 159 2817 313 2892; x_wconf 85' lang='lat' dir='ltr'><strong>Domini,</strong></span> <span class='ocrx_word' id='word_1_186' title='bbox 340 2825 378 2875; x_wconf 87' lang='lat' dir='ltr'><strong>ut</strong></span> <span class='ocrx_word' id='word_1_187' title='bbox 397 2813 489 2877; x_wconf 91' lang='lat' dir='ltr'><strong>laoob</strong></span> <span class='ocrx_word' id='word_1_188' title='bbox 510 2815 661 2893; x_wconf 80' lang='lat' dir='ltr'><strong>feriebat,</strong></span> <span class='ocrx_word' id='word_1_189' title='bbox 692 2829 722 2879; x_wconf 81' lang='lat' dir='ltr'><strong>et</strong></span> <span class='ocrx_word' id='word_1_190' title='bbox 748 2829 851 2879; x_wconf 84' lang='lat' dir='ltr'><strong>tamen</strong></span> <span class='ocrx_word' id='word_1_191' title='bbox 872 2835 937 2877; x_wconf 89' lang='lat' dir='ltr'><strong>non</strong></span> <span class='ocrx_word' id='word_1_192' title='bbox 959 2814 1008 2876; x_wconf 84' lang='lat' dir='ltr'><strong>do-</strong></span> 
     </span>
     <span class='ocr_line' id='line_1_27' title="bbox 56 2915 1009 3005; baseline -0.008 -20"><span class='ocrx_word' id='word_1_193' title='bbox 56 2933 145 2985; x_wconf 68' lang='lat' dir='ltr'><strong>mont</strong></span> <span class='ocrx_word' id='word_1_194' title='bbox 168 2919 366 2984; x_wconf 75' lang='lat' dir='ltr'><strong>difficultates</strong></span> <span class='ocrx_word' id='word_1_195' title='bbox 387 2930 418 2980; x_wconf 84' lang='lat' dir='ltr'><strong>et</strong></span> <span class='ocrx_word' id='word_1_196' title='bbox 438 2919 539 2982; x_wconf 81' lang='lat' dir='ltr'><strong>omnia</strong></span> <span class='ocrx_word' id='word_1_197' title='bbox 560 2918 685 3005; x_wconf 76' lang='lat' dir='ltr'><strong>generis</strong></span> <span class='ocrx_word' id='word_1_198' title='bbox 705 2938 880 2980; x_wconf 83' lang='lat' dir='ltr'><strong>aerumnae.</strong></span> <span class='ocrx_word' id='word_1_199' title='bbox 920 2915 1009 2978; x_wconf 83' lang='lat' dir='ltr'><strong>Faui-</strong></span> 
     </span>
     <span class='ocr_line' id='line_1_28' title="bbox 41 3019 1008 3096; baseline -0.009 -7"><span class='ocrx_word' id='word_1_200' title='bbox 41 3026 114 3089; x_wconf 85' lang='lat' dir='ltr'><strong>&#39;liut</strong></span> <span class='ocrx_word' id='word_1_201' title='bbox 134 3037 245 3087; x_wconf 82' lang='lat' dir='ltr'><strong>autem</strong></span> <span class='ocrx_word' id='word_1_202' title='bbox 266 3041 317 3083; x_wconf 82' lang='lat' dir='ltr'><strong>eat</strong></span> <span class='ocrx_word' id='word_1_203' title='bbox 336 3020 495 3096; x_wconf 79' lang='lat' dir='ltr'><strong>tolerabit,</strong></span> <span class='ocrx_word' id='word_1_204' title='bbox 517 3022 543 3082; x_wconf 83' lang='lat' dir='ltr'><strong>ai</strong></span> <span class='ocrx_word' id='word_1_205' title='bbox 557 3021 636 3084; x_wconf 88' lang='lat' dir='ltr'><strong>hano</strong></span> <span class='ocrx_word' id='word_1_206' title='bbox 648 3021 869 3084; x_wconf 85' lang='lat' dir='ltr'><strong>oonaoieutiam</strong></span> <span class='ocrx_word' id='word_1_207' title='bbox 882 3019 923 3083; x_wconf 82' lang='lat' dir='ltr'><strong>ad</strong></span> <span class='ocrx_word' id='word_1_208' title='bbox 935 3039 1008 3081; x_wconf 83' lang='lat' dir='ltr'><strong>cou-</strong></span> 
     </span>
     <span class='ocr_line' id='line_1_29' title="bbox 55 3119 1010 3215; baseline -0.014 -24"><span class='ocrx_word' id='word_1_209' title='bbox 55 3128 178 3215; x_wconf 79' lang='lat' dir='ltr'><strong>jugium</strong></span> <span class='ocrx_word' id='word_1_210' title='bbox 200 3124 329 3211; x_wconf 69' lang='lat' dir='ltr'><strong>affeper,</strong></span> <span class='ocrx_word' id='word_1_211' title='bbox 350 3134 385 3184; x_wconf 84' lang='lat' dir='ltr'><strong>ut</strong></span> <span class='ocrx_word' id='word_1_212' title='bbox 404 3123 505 3205; x_wconf 76' lang='lat' dir='ltr'><strong>portia</strong></span> <span class='ocrx_word' id='word_1_213' title='bbox 527 3123 645 3188; x_wconf 73' lang='lat' dir='ltr'><strong>dicen:</strong></span> <span class='ocrx_word' id='word_1_214' title='bbox 666 3124 719 3190; x_wconf 79' lang='lat' dir='ltr'><strong>sio</strong></span> <span class='ocrx_word' id='word_1_215' title='bbox 738 3123 858 3209; x_wconf 88' lang='lat' dir='ltr'><strong>plaouit</strong></span> <span class='ocrx_word' id='word_1_216' title='bbox 876 3119 1010 3203; x_wconf 86' lang='lat' dir='ltr'><strong>parenti-</strong></span> 
     </span>
     <span class='ocr_line' id='line_1_30' title="bbox 57 3220 1009 3307; baseline -0.013 -15"><span class='ocrx_word' id='word_1_217' title='bbox 57 3231 134 3307; x_wconf 73' lang='lat' dir='ltr'><strong>bus,</strong></span> <span class='ocrx_word' id='word_1_218' title='bbox 166 3227 297 3302; x_wconf 78' lang='lat' dir='ltr'><strong>amicit,</strong></span> <span class='ocrx_word' id='word_1_219' title='bbox 329 3225 484 3303; x_wconf 71' lang='lat' dir='ltr'><strong>tutoribus</strong></span> <span class='ocrx_word' id='word_1_220' title='bbox 513 3238 544 3287; x_wconf 83' lang='lat' dir='ltr'><strong>et</strong></span> <span class='ocrx_word' id='word_1_221' title='bbox 571 3226 649 3290; x_wconf 87' lang='lat' dir='ltr'><strong>Deo.</strong></span> <span class='ocrx_word' id='word_1_222' title='bbox 690 3227 765 3290; x_wconf 89' lang='lat' dir='ltr'><strong>Non</strong></span> <span class='ocrx_word' id='word_1_223' title='bbox 786 3224 868 3288; x_wconf 87' lang='lat' dir='ltr'><strong>euim</strong></span> <span class='ocrx_word' id='word_1_224' title='bbox 889 3220 1009 3285; x_wconf 83' lang='lat' dir='ltr'><strong>aooedit</strong></span> 
     </span>
     <span class='ocr_line' id='line_1_31' title="bbox 57 3325 1012 3414; baseline -0.016 -17"><span class='ocrx_word' id='word_1_225' title='bbox 57 3344 106 3397; x_wconf 83' lang='lat' dir='ltr'><strong>tua</strong></span> <span class='ocrx_word' id='word_1_226' title='bbox 126 3331 256 3395; x_wconf 81' lang='lat' dir='ltr'><strong>ratione</strong></span> <span class='ocrx_word' id='word_1_227' title='bbox 276 3342 309 3393; x_wconf 82' lang='lat' dir='ltr'><strong>et</strong></span> <span class='ocrx_word' id='word_1_228' title='bbox 328 3331 477 3414; x_wconf 80' lang='lat' dir='ltr'><strong>sapientia</strong></span> <span class='ocrx_word' id='word_1_229' title='bbox 497 3330 603 3406; x_wconf 71' lang='lat' dir='ltr'><strong>uirus,</strong></span> <span class='ocrx_word' id='word_1_230' title='bbox 624 3328 803 3414; x_wconf 73' lang='lat' dir='ltr'><strong>posthabita</strong></span> <span class='ocrx_word' id='word_1_231' title='bbox 830 3325 1012 3390; x_wconf 83' lang='lat' dir='ltr'><strong>auctoritate</strong></span> 
     </span>
     <span class='ocr_line' id='line_1_32' title="bbox 58 3426 1011 3520; baseline -0.014 -22"><span class='ocrx_word' id='word_1_232' title='bbox 58 3449 88 3498; x_wconf 90' lang='lat' dir='ltr'><strong>et</strong></span> <span class='ocrx_word' id='word_1_233' title='bbox 112 3454 276 3499; x_wconf 83' lang='lat' dir='ltr'><strong>oonaenau</strong></span> <span class='ocrx_word' id='word_1_234' title='bbox 306 3454 434 3513; x_wconf 85' lang='lat' dir='ltr'><strong>eorum,</strong></span> <span class='ocrx_word' id='word_1_235' title='bbox 463 3456 542 3520; x_wconf 79' lang='lat' dir='ltr'><strong>quoa</strong></span> <span class='ocrx_word' id='word_1_236' title='bbox 563 3435 648 3496; x_wconf 77' lang='lat' dir='ltr'><strong>Deua</strong></span> <span class='ocrx_word' id='word_1_237' title='bbox 677 3446 708 3496; x_wconf 85' lang='lat' dir='ltr'><strong>ta</strong></span> <span class='ocrx_word' id='word_1_238' title='bbox 734 3429 868 3494; x_wconf 77' lang='lat' dir='ltr'><strong>revereri</strong></span> <span class='ocrx_word' id='word_1_239' title='bbox 893 3426 1011 3499; x_wconf 76' lang='lat' dir='ltr'><strong>voluit3</strong></span> 
     </span>
     <span class='ocr_line' id='line_1_33' title="bbox 57 3531 1014 3620; baseline -0.013 -14"><span class='ocrx_word' id='word_1_240' title='bbox 57 3539 125 3602; x_wconf 78' lang='lat' dir='ltr'><strong>ideo</strong></span> <span class='ocrx_word' id='word_1_241' title='bbox 155 3548 266 3600; x_wconf 73' lang='lat' dir='ltr'><strong>certat</strong></span> <span class='ocrx_word' id='word_1_242' title='bbox 296 3558 329 3601; x_wconf 80' lang='lat' dir='ltr'><strong>ta</strong></span> <span class='ocrx_word' id='word_1_243' title='bbox 358 3542 397 3605; x_wconf 80' lang='lat' dir='ltr'><strong>tle</strong></span> <span class='ocrx_word' id='word_1_244' title='bbox 426 3539 601 3606; x_wconf 72' lang='lat' dir='ltr'><strong>defensione</strong></span> <span class='ocrx_word' id='word_1_245' title='bbox 629 3548 660 3600; x_wconf 88' lang='lat' dir='ltr'><strong>et</strong></span> <span class='ocrx_word' id='word_1_246' title='bbox 690 3534 826 3620; x_wconf 83' lang='lat' dir='ltr'><strong>benigna</strong></span> <span class='ocrx_word' id='word_1_247' title='bbox 852 3531 1014 3593; x_wconf 76' lang='lat' dir='ltr'><strong>voluntate</strong></span> 
     </span>
     <span class='ocr_line' id='line_1_34' title="bbox 58 3627 1017 3719; baseline -0.017 -14"><span class='ocrx_word' id='word_1_248' title='bbox 58 3641 125 3706; x_wconf 77' lang='lat' dir='ltr'><strong>oei.</strong></span> <span class='ocrx_word' id='word_1_249' title='bbox 146 3640 223 3703; x_wconf 80' lang='lat' dir='ltr'><strong>Niai</strong></span> <span class='ocrx_word' id='word_1_250' title='bbox 244 3643 372 3707; x_wconf 76' lang='lat' dir='ltr'><strong>vernia</strong></span> <span class='ocrx_word' id='word_1_251' title='bbox 391 3643 517 3719; x_wconf 74' lang='lat' dir='ltr'><strong>iamir,</strong></span> <span class='ocrx_word' id='word_1_252' title='bbox 545 3640 586 3705; x_wconf 74' lang='lat' dir='ltr'><strong>ari</strong></span> <span class='ocrx_word' id='word_1_253' title='bbox 607 3635 786 3704; x_wconf 69' lang='lat' dir='ltr'><strong>eommunia</strong></span> <span class='ocrx_word' id='word_1_254' title='bbox 813 3632 897 3697; x_wconf 83' lang='lat' dir='ltr'><strong>mala</strong></span> <span class='ocrx_word' id='word_1_255' title='bbox 923 3627 1017 3693; x_wconf 85' lang='lat' dir='ltr'><strong>etiam</strong></span> 
     </span>
    </p>
   </div>
   <div class='ocr_carea' id='block_1_3' title="bbox 0 0 1124 4034">
    <p class='ocr_par' dir='ltr' id='par_1_3' title="bbox 0 0 1124 4034">
     <span class='ocr_line' id='line_1_35' title="bbox 0 0 1124 4034; baseline 0 0"><span class='ocrx_word' id='word_1_256' title='bbox 0 0 1124 4034; x_wconf 95' lang='lat' dir='ltr'><strong> </strong></span> 
     </span>
    </p>
   </div>
  </div>
 </body>
</html>
