2236 4034
122 146 184 246 23ss
314 170 569 275 Vigeeimans
589 192 884 264 nonumcepplt
933 214 936 227 ·

51 316 60 335 ’
120 337 227 389 tamo
245 324 335 388 nollo
356 336 449 408 parta
468 314 770 410 impetreee‘potuit
790 339 824 388 nt
835 333 997 392 amaretdr
1007 341 1065 392 tec·

121 439 230 510 tepere
251 449 270 490 e
291 428 407 506 laceb,
434 427 512 489 sicut
533 427 631 490 Rehel
659 428 827 492 emebatur.
868 429 949 493 Non
978 429 1067 516 igitur
1099 428 1102 439 '

120 544 226 613 potest
245 531 381 593 excusari
403 519 561 613 praetento
592 533 746 616 quaesitae
775 531 894 614 prolia;
923 532 985 596 sed
1003 546 1069 595 eunt

119 629 199 694 haec
217 631 401 714 simpliciter
420 630 571 715 joetderia
592 644 622 694 ot
641 632 787 708 ridicula,
807 652 912 696 ornare
931 633 1069 716 paellae

59 748 61 755 ’
119 744 253 817 propter
273 731 422 809 formam,
444 754 509 794 non
529 746 659 815 propter
677 733 812 814 prolem.
970 798 974 815 1

200 835 271 898 lore
291 836 326 896 id
346 834 472 916 quidem
504 834 633 897 debebat
653 831 741 911 fleri,
769 847 806 898 ut
832 854 1012 898 amaremus
1031 857 1071 899 se·

44 1008 48 1020 ,
109 925 195 1003 nam
214 937 400 1019 simpliciter
419 951 549 1020 propter
567 937 689 1020 prolem
710 948 740 998 et
759 937 1015 1021 generationem,
1035 941 1072 1005 td

42 1036 57 1055 ““
120 1063 216 1126 qoam
236 1041 382 1119 conditas
402 1051 448 1103 eet
467 1062 486 1100 e
505 1039 592 1116 Deo,
619 1060 682 1100 non
708 1052 744 1100 at
773 1059 816 1101 eo·
833 1039 874 1101 ad
904 1038 1071 1103 libidinem

120 1157 242 1208 tentum
262 1142 478 1215 abuteremur,
498 1139 578 1201 sicut
597 1138 772 1203 aedificium
791 1141 889 1204 totios
909 1142 1071 1205 muliebria

121 1246 267 1330 corporis
288 1255 426 1318 testatur,
447 1241 533 1325 quod
548 1232 644 1303 'hehet
664 1264 720 1303 aua
735 1264 854 1328 ergene
875 1256 906 1305 et
921 1243 1071 1320 membre,
1110 1278 1112 1283 ·

122 1348 238 1433 quibus
259 1343 426 1428 concipiat,
447 1347 527 1420 alat,
556 1341 780 1429 geatetfetum.
821 1343 884 1407 Sed
904 1342 1070 1428 pauci'lsoc

121 1449 334 1533 considerant,
363 1460 393 1510 et
422 1446 512 1509 iacob
539 1465 666 1530 quoque
693 1448 732 1510 ab
759 1448 818 1512 hoc
847 1448 911 1512 fine
934 1433 1069 1525 elecem

47 1547 50 1552 ¹
121 1566 205 1618 emat
225 1551 306 1613 enim
326 1548 426 1611 Rehel
454 1564 585 1631 propter
613 1549 762 1626 formem,
790 1565 822 1614 et
843 1551 944 1616 laeam
973 1555 1068 1618 dnos

122 1656 293 1721 formosam
314 1672 379 1713 non
399 1662 491 1726 emat,
512 1651 598 1732 quod
618 1652 859 1718 tamencenibne
879 1656 986 1720 minae
1001 1677 1068 1720 con-

122 1757 229 1834 venit,
250 1776 344 1840 quem
363 1752 629 1833 adolescentibus,
648 1765 684 1817 ut
703 1750 781 1831 fiant
800 1772 994 1843 epectatorea
1011 1758 1067 1823 fcr-

122 1882 255 1925 merum.
386 1890 388 1895 ·
587 1913 593 1931 ,
1002 1844 1005 1849 ’

93 2000 96 2007 -
135 1990 154 2003 .,
206 1961 285 2022 Sunt
303 1969 404 2018 autem
426 1951 648 2017 heeodocenda
668 1968 697 2020 at
710 1958 855 2044 agitanda
875 1961 909 2024 in
932 1963 1064 2041 eeclesia,

123 2088 164 2130 ne
184 2064 404 2127 ebhorreamue
424 2078 444 2117 a
464 2054 628 2140 conjugier
651 2056 731 2122 sicut
752 2062 894 2145 Papistee
915 2064 950 2127 id
972 2063 1065 2127 defoe-

123 2172 248 2230 marunt
267 2165 331 2225 ecia
353 2158 489 2234 deliciis,
516 2171 546 2220 et
567 2160 758 2237 damnarunt.
800 2165 872 2226 ldao
893 2166 979 2227 enim
992 2160 1065 2228 'aare

97 2268 172 2348 „bit
190 2268 268 2329 haec
289 2261 422 2346 Spiritus
442 2273 583 2338 sanctus,
603 2276 639 2324 ut
659 2278 795 2343 testetur,
816 2266 919 2329 Deum
941 2287 1006 2330 non
1019 2266 1064 2329 als

29 2409 43 2431 t
124 2370 217 2454 jicere
238 2379 267 2431 et
286 2363 455 2448 reprobare
474 2363 564 2426 etiam
592 2386 663 2442 eos,
692 2367 747 2450 qui
774 2380 912 2449 spectant
938 2368 1064 2432 formem

123 2475 158 2537 in
186 2471 339 2552 conjuge,
374 2475 405 2526 et
434 2465 520 2547 quod
545 2466 655 2529 electio
682 2468 738 2530 illa
762 2469 804 2531 sit
833 2470 898 2534 aine
931 2485 1064 2554 peccato.

123 2577 293 2658 Propterea
314 2589 405 2632 nereo
427 2569 562 2652 putabit,
584 2591 616 2632 ee
636 2591 775 2653 peccare,
789 2561 822 2635 ei
842 2573 998 2654 praeferet
1011 2573 1066 2638 fon

88 2708 94 2718 ·
124 2700 242 2753 mosem
264 2671 403 2737 deformi.
443 2670 490 2732 lta
511 2671 584 2733 hoec
604 2694 730 2757 qnoque
761 2695 818 2736 noe
840 2676 954 2739 docent
974 2688 1005 2739 et
1023 2697 1065 2744 ‚oe-

125 2764 260 2847 dificant.
300 2775 421 2837 Deinde
442 2772 534 2836 laccb
562 2779 698 2858 speravit
717 2777 842 2858 prolem
862 2799 898 2840 ex
919 2777 1066 2842 formast

123 2883 242 2951 viribus
263 2876 403 2959 corporis
420 2887 611 2959 praestantes
632 2878 706 2960 qnia
725 2878 759 2940 id
779 2899 851 2940 eene
874 2876 1066 2943 debebatis·
1110 2946 1112 2957 ,

124 2987 153 3051 ri
172 2987 205 3047 in
225 2978 393 3071 jungendis
413 2978 595 3055 connubiis,
615 2993 650 3041 ut
671 2980 885 3065 deligerentur
905 2993 938 3043 et
958 2984 1066 3068 junge·
1110 2976 1112 3009 ²

123 3097 230 3161 rector
248 3080 367 3144 robusti
388 3102 459 3142 cum
473 3080 620 3156 robustis,
639 3082 784 3145 industrii
804 3105 876 3145 cum
895 3083 1065 3146 industriis.

125 3192 214 3256 Sicut
226 3188 261 3250 id
271 3183 437 3250 discrimen
454 3195 591 3247 servatur
605 3182 640 3244 in
651 3183 766 3261 brutia,
786 3185 819 3247 in
833 3184 950 3264 bobus,
970 3187 1067 3272 equis,

120 3295 245 3369 ovibus,
265 3287 357 3374 gallia
382 3296 412 3346 et
432 3284 500 3346 eliis
513 3285 720 3350 animantibus
735 3287 890 3349 omnihus.
911 3288 997 3351 lnter
1016 3290 1068 3351 ho·

106 3397 224 3466 emines
236 3413 298 3454 non
309 3388 436 3472 perinde
457 3386 492 3450 fit
518 3399 647 3470 propter
667 3391 901 3473 coemptionem
917 3411 954 3453 ex
975 3390 1068 3472 origi·

47 3564 49 3568 ,
117 3497 190 3567 *osli
201 3472 329 3578 peccato
346 3505 542 3576 conceptam
560 3492 634 3556 inde
645 3493 729 3556 enim
737 3491 782 3572 fit,
803 3503 838 3554 ut
860 3491 913 3554 elii
934 3491 1068 3569 robusti,

93 3580 95 3584 ὗ
124 3601 178 3665 alii
195 3594 615 3679 infirmigenerentnrseliee
634 3594 764 3679 leprosi,
785 3595 860 3659 alias
878 3597 972 3676 caeci,
993 3598 1068 3682 eliae
