2236 4034
131 138 191 206 128
304 129 562 219 vigesimum
582 143 769 200 oot‘arum
789 147 955 222 caput

128 238 275 351 deserere.
316 263 392 349 Ideo
411 280 492 345 ratio
515 244 689 362 concludit,
719 305 785 349 esse
813 309 900 350 mera
925 300 955 351 et
975 286 1082 354 inania

75 474 77 479 Ι
128 387 254 452 verba'
243 411 276 449 m
296 387 506 470 promissione
528 380 648 466 divina,
677 387 751 470 quia
761 405 820 449 res
842 409 907 451 non
927 392 1081 475 sequitur,

128 491 184 554 sed
202 489 235 553 itt
257 489 438 574 oppositum
459 503 488 553 et
509 493 698 558 contrabium
720 490 851 552 ducitur.

204 592 365 656 Pertinent
384 608 488 657 antem
504 592 578 656 baec
593 594 638 655 ad
649 579 787 654 noitram
804 593 992 670 doctrinam,
1006 594 1078 677 quia

125 694 291 783 theologia
317 709 452 758 nonest
481 693 696 780 philosophia,
729 710 879 796 quaeres
900 708 1076 779 praesentes
1096 736 1097 741 κ

124 810 259 882 spectat,
286 797 382 860 rebus
407 797 569 881 prosperis
596 790 755 871 inflatur,
766 807 797 858 et
823 796 934 859 iisdem
967 798 1075 864 ablatis

125 898 290 987 frangitur.
333 899 454 982 Estque
481 899 542 961 boe
571 902 787 982 argumentum
808 899 939 962 rationis
960 913 991 964 et
1010 923 1073 966 om·

121 1002 211 1065 ninm
232 1001 473 1084 Epicureorum,
495 1001 581 1087 quod
595 988 689 1061 'Deus
705 998 827 1061 videtur
843 1003 987 1077 mendax,
1003 1003 1071 1087 quia
1097 1030 1108 1043 ··

121 1103 276 1188 promittit
302 1104 457 1188 benigne,
487 1117 527 1168 et·
545 1098 665 1186 profert
694 1099 779 1162 bona
806 1097 916 1179 rerba,
945 1104 999 1170 sed
1020 1104 1072 1169 dat

49 1240 51 1247 ¹
122 1208 220 1271 malae
241 1226 299 1270 res.
340 1207 402 1269 Dat
422 1206 514 1273 lacob
534 1204 799 1278 benedictionem,
828 1220 858 1269 et
877 1228 986 1270 rursus
1007 1230 1072 1271 eam

121 1309 195 1374 sinit
214 1307 337 1373 auferri.
370 1293 502 1373 'Contra
520 1308 698 1373 maledictus
726 1306 813 1395 Esau
841 1296 946 1370 manet
966 1307 999 1370 in
1020 1310 1072 1373 do-

95 1435 174 1492 ,mo
203 1436 276 1479 oum
297 1413 360 1477 suia
392 1413 519 1489 liberis,
550 1412 700 1474 uxoribus
727 1423 757 1473 et
776 1422 841 1472 tota
861 1411 1021 1491 affinitate,
1042 1424 1072 1476 et

123 1517 278 1605 gubernat
298 1515 422 1579 omnia:
445 1519 525 1579 siout
544 1528 632 1578 autea
654 1528 701 1577 est
720 1509 956 1598 paterfamilias
971 1526 1000 1577 et
1027 1537 1070 1580 sa·

119 1618 229 1723 cordos
250 1619 404 1682 ecclesiae.
445 1617 645 1684 lacobvadit
664 1617 697 1679 in
720 1617 878 1694 exsilium,
905 1631 936 1679 et
957 1617 1071 1683 deserit

117 1746 206 1787 suam
224 1715 485 1786 benedictionem.
536 1720 619 1782 Haeo
647 1719 791 1782 nimirum
813 1735 859 1784 est
879 1722 1070 1787 administra·

116 1828 163 1891 tio
184 1848 289 1891 rerum
310 1824 492 1889 divinarum.
522 1821 713 1905 Angularem
728 1824 864 1909 lapidem
886 1838 1054 1915 oportet
1024 1848 1068 1890 re·

116 1909 266 2015 probari,
286 1941 322 1990 ut
341 1927 503 1991 discamus
517 1927 720 1992 disseruere
709 1944 794 1993 mter
814 1906 1070 2015 gubernationem

117 2032 253 2103 divinam
274 2043 305 2093 et
325 2030 510 2112 humanatus
534 2041 570 2094 et
593 2032 681 2114 quod
699 2053 762 2094 non
783 2031 823 2096 sit
842 2035 956 2096 amissa
976 2033 1071 2101 bene-

116 2133 211 2199 diotio
232 2131 335 2210 Iacob,
356 2137 411 2197 sed
431 2134 470 2197 sit
491 2145 609 2199 tantum
631 2136 773 2211 tentatio,
793 2158 831 2198 sn
852 2132 984 2199 firmiter
999 2158 1068 2199 eam

44 2264 46 2273 ·
113 2233 175 2300 fios
194 2245 298 2298 tenere
320 2248 350 2297 st
370 2250 549 2322 exspectare,
564 2236 646 2300 velit.
684 2235 736 2300 Sic
757 2238 839 2300 euim
861 2250 890 2300 et
909 2237 1068 2301 Abraham
1092 2260 1095 2265 ’

40 2375 43 2386 ·
112 2337 241 2424 jubetur
259 2336 423 2400 immolare
444 2336 543 2403 lilium
563 2354 712 2428 tanquam
732 2340 913 2421 amissurus,
931 2341 987 2417 sed
997 2362 1069 2403 mox
1105 2378 1110 2399 .

113 2461 187 2505 eum
206 2438 319 2523 recipit
338 2440 457 2524 majore
477 2442 579 2528 gloria
601 2457 631 2507 et
650 2446 762 2509 fructu.
800 2443 854 2507 Sic
874 2442 978 2505 David
995 2440 1077 2507 nno?

111 2553 161 2607 tos
181 2541 216 2606 in
236 2565 345 2630 regem
366 2543 484 2606 exsulat
504 2546 610 2608 decem
630 2547 740 2625 annis,
769 2559 814 2608 est
832 2538 948 2608 servus
963 2566 1065 2631 serro-

109 2666 199 2721 rum,
219 2657 252 2707 et
270 2666 325 2707 rex
345 2645 413 2708 solo
434 2647 527 2711 titulo
549 2663 580 2711 et
599 2650 745 2714 inanibus
767 2648 889 2726 verbis,
910 2670 991 2735 quse
1009 2669 1062 2713 au·

110 2746 188 2812 divit
207 2767 244 2808 ex
264 2745 428 2811 Samuelet
456 2749 515 2839 sed
542 2750 632 2819 durat
659 2768 763 2817 tamen
784 2763 814 2817 et
834 2736 1009 2834 perseverat
1026 2748 1061 2815 itt

60 2898 71 2905 .
108 2846 178 2940 fide
192 2861 222 2911 et
242 2852 484 2933 exspectatione,
515 2852 617 2918 donec
645 2869 770 2921 eventus
789 2852 994 2942 promissioni
1011 2873 1062 2917 on·

95 2944 308 3034 ·nluletissime
327 2957 506 3039 respondet

182 3055 247 3141 ,flio
268 3075 377 3120 oureus
398 3071 567 3144 perpetuus
588 3073 635 3123 est
655 3058 803 3123 eeclesiae
824 3056 976 3143 omnibus
986 3070 1062 3121 tem·

106 3158 256 3246 poribus,
282 3161 484 3241 promittere,
514 3175 544 3225 et
572 3175 681 3246 postea
701 3158 744 3224 ita
765 3173 897 3226 tractare
919 3180 984 3236 aas,
1005 3158 1061 3245 qui

107 3259 238 3331 credunt
264 3263 548 3348 promissionibus,
575 3277 611 3327 ut
640 3275 793 3348 cogantur
820 3279 996 3350 exspectare
1015 3264 1060 3327 in·

105 3365 255 3443 visibilia,
284 3365 426 3442 eredere,
456 3387 537 3448 qaae
563 3386 627 3428 uon
656 3358 779 3445 vident,
807 3380 952 3452 sperare,
981 3386 1058 3451 quas

106 3489 173 3532 non
193 3480 352 3553 apparent·
374 3468 443 3532 Hoo
463 3468 519 3552 qui
540 3489 604 3531 uon
624 3481 785 3551 praestat,
809 3493 877 3534 non
903 3481 950 3532 est
971 3466 1059 3532 Chri-

23 3626 26 3631 ,
99 3571 229 3637 suanae.
274 3569 419 3636 Christus
440 3570 522 3634 enim
551 3571 619 3657 ipse
647 3572 692 3637 sio
713 3573 839 3637 ἰιιιιιιίι
860 3572 902 3650 [in
922 3571 1058 3659 glorium

960 3693 1064 3747 ma
