2236 4034
145 160 152 172 ’
283 162 312 203 Ψ
351 173 561 258 goaesie'
852 174 920 250 ‘103
1004 144 1009 149 Ι

82 318 157 381 suls
178 281 341 406 iustigsvit
366 333 398 384 st
415 322 554 386 inoendit
572 321 744 407 prinoipem
757 344 857 408 'suurn
877 328 921 392 ad

70 444 91 482 n
114 420 300 485 faciendam.
340 421 411 487 Nisi
431 426 514 519 enim
532 422 718 502 indicasset,
733 427 917 508 ‘adjuvisses
1000 440 1025 504 ζ,

70 522 173 584 idem:
204 526 278 607 quia
297 547 379 592 -vero
399 526 570 603 nuntiarit,
595 525 761 610 probibuit
784 527 915 594 homiui·
947 616 951 630 ,
980 606 990 623 Ι,

70 744 129 786 aso
149 736 199 801 eet
219 725 362 788 doctriae
382 729 519 805 moralis,
539 748 619 813 quas
635 700 754 792 utiliter
766 726 826 795 boe
840 733 913 799 loeo

70 848 113 904 u,
145 841 179 890 et
199 829 372 916 diligenter
396 832 532 893 notanda
552 844 614 908 eet3
643 843 800 918 meusque
828 837 912 897 enim
1008 856 1011 860 ·

70 933 161 992 ns'in
182 932 245 996 boc
267 934 422 1015 exemplo,
440 946 592 1009 caventur
608 933 740 1000 insidiae
754 949 784 1000 et
803 939 911 1003 caedes

70 1046 112 1094 tta
132 1032 247 1110 leoob,
277 1047 308 1096 et
328 1035 405 1097 mira
431 1035 598 1118 prudentis
618 1038 723 1100 omnia
751 1053 910 1126 teguntur,

73 1156 189 1199 senem
210 1149 368 1221 parentem
392 1137 605 1219 parricidiales
621 1139 732 1204 *muas
754 1142 838 1207 llssu
859 1145 911 1208 db·

70 1259 105 1300 ιτ.
127 1239 177 1300 Ao
199 1259 275 1301 sane
296 1237 414 1321 optima
437 1261 531 1302 cause
551 1237 613 1317 est,'
628 1265 723 1327 qnam
744 1244 831 1307 affert
850 1245 910 1308 Rs·

77 1341 147 1402 lam
169 1340 256 1402 enim
276 1339 385 1404 baeres
404 1341 562 1404 institutus
583 1356 650 1405 erat
669 1343 775 1422 laceb,
797 1358 861 1408 arst
877 1345 910 1407 si

70 1444 134 1505 ctio
158 1442 275 1505 collata
303 1456 335 1506 et
361 1455 424 1507 tota
452 1445 581 1507 ecclesis
601 1447 775 1511 commista.
803 1445 910 1513 :Nuus
1021 1512 1027 1521 ,

70 1545 109 1608 id
132 1557 250 1620 restat,
278 1545 353 1611 dixit
372 1549 413 1611 sd
433 1545 543 1624 lacob,
563 1560 598 1611 ut
618 1549 708 1613 detur
727 1549 756 1614 si
775 1549 908 1629 baculus

70 1671 153 1724 snm,
176 1669 242 1733 quo
263 1647 389 1728 nitatur,
409 1652 469 1714 boc
490 1665 545 1728 est,
566 1665 602 1713 ut
617 1653 726 1715 babeat
740 1653 907 1736 onningen

87 1762 122 1813 et
144 1750 336 1834 adjutorium
365 1774 469 1816 coram
489 1753 569 1836 ipso.
591 1753 819 1819 Honestissima
838 1774 906 1819 uras

93 1871 165 1914 non
188 1854 292 1918 solum
304 1882 307 1887 ·
319 1855 359 1919 sb
378 1856 447 1918 atili
467 1846 497 1920 et¹
516 1855 671 1933 honesto,
700 1857 754 1921 sed
774 1857 910 1943 etisms
1024 1904 1030 1919 ,

70 1953 152 2030 trio;
186 1956 213 2018 si
235 1956 319 2018 enim
347 1957 439 2020 debet
457 1958 503 2020 uti
523 1957 756 2034 benedictione,
780 1971 906 2042 oporte

70 2057 168 2120 abere
195 2081 332 2121 uxorem.
377 2060 531 2123 Hactenus
560 2060 633 2121 vixit
663 2060 804 2137 caelebs,
834 2080 905 2124 oum

70 2161 199 2245 bjeetne
221 2175 252 2223 et
267 2175 347 2225 extra
362 2183 535 2224 numerum.
557 2158 744 2226 NuaoEses
766 2162 905 2249 ebjeetus

70 2264 144 2325 unda
165 2262 266 2351 igitur
286 2276 338 2337 ,eet
356 2284 435 2342 uxor
454 2263 563 2340 laceb,
585 2265 640 2348 qui
659 2263 905 2329 benedictionem

70 2380 210 2430 stotam
232 2365 488 2453 gubernationem
505 2364 614 2428 deiude
636 2364 808 2429 sustinebit
841 2365 905 2429 Hsb
984 2360 1009 2426 s

70 2493 107 2534 ea
129 2470 301 2555 persuadet
314 2469 407 2545 leaeo,
427 2479 462 2531 ut
482 2468 614 2531 dimittat
634 2464 745 2542 lilium,
766 2466 841 2551 quie
859 2479 906 2530 sst

70 2585 184 2637 entum
206 2571 410 2646 necessitatis,
436 2570 522 2654 quod
542 2580 668 2651 superat
688 2570 795 2632 omnia
815 2590 904 2654 argo·

73 2676 115 2739 ab
138 2676 217 2738 utili
238 2685 267 2736 et
286 2672 325 2735 ab
346 2672 487 2734 honesto.
510 2672 596 2735 Siout
616 2672 649 2733 iu
665 2669 773 2757 Gellio
795 2669 902 2741 (Noot.

89 2783 139 2851 (a)
170 2788 269 2840 exstat
298 2778 427 2838 honesta
446 2796 505 2836 vox
524 2774 664 2837 Metelli:
696 2773 732 2838 81
759 2775 903 2837 volumus

88 2880 186 2954 cives,
208 2898 334 2942 necessa
354 2899 436 2953 esse,
456 2876 567 2939 babere
587 2876 676 2939 etis·
696 2898 806 2941 uxores
826 2889 902 2954 ete.·;

70 3003 86 3042 s·
106 2982 325 3066 posteritatem
342 2980 423 3044 euim
433 2977 638 3044 eosseerrands
655 2991 726 3042 suut
741 2979 903 3043 connubia.

70 3083 99 3145 td
121 3103 222 3167 quare
243 3103 309 3145 nou
341 3083 513 3165 despondes
541 3081 569 3143 ei
589 3081 726 3164 aliquem
747 3099 782 3147 ex
803 3077 903 3143 Cena·

70 3210 107 3247 m
137 3181 342 3272 virginibus?
369 3183 443 3245 Nou
464 3184 583 3266 placent
611 3184 705 3259 istae,
723 3183 841 3266 iuquit:
868 3171 903 3246 st

70 3291 178 3354 etesia
197 3287 296 3353 utitur
316 3285 354 3349 ab
374 3286 444 3353 utili
465 3300 496 3348 et
515 3287 552 3349 sb
572 3287 710 3350 bonate.
751 3284 848 3357 Nolo,
868 3297 903 3346 ut

70 3391 182 3465 talem,
212 3391 320 3475 quales
342 3401 412 3451 suut
438 3388 514 3450 istae
542 3390 624 3451 duas·
640 3408 741 3449 naras
769 3397 900 3449 nostres.

70 3541 91 3569 s,
114 3495 160 3556 mi
180 3494 286 3569 lsaao,
317 3503 430 3574 qusuts
452 3491 535 3571 pessi
553 3493 649 3554 simus
670 3490 754 3553 bises
765 3489 902 3576 triginta

70 3598 108 3665 ab,
128 3597 283 3662 moribus
303 3593 406 3669 Esau,
433 3593 589 3676 quomodo
611 3614 660 3656 me
677 3594 900 3671 conculcarint,
