2236 4034
428 165 602 254 generia-
788 246 791 251 Ι
819 104 843 174 2·
961 166 1004 236 89

55 300 261 405 cognitionem
281 322 313 376 et
333 333 459 377 aeneum
479 317 544 379 irae
564 311 622 376 Dei
642 311 799 397 pervenit,
826 312 940 399 incipit
956 314 1004 380 fu-

52 445 136 498 rere,
163 432 196 483 et
223 439 290 481 non
320 418 491 499 poenitere.
539 417 646 503 atque
672 436 799 499 peecare
834 433 864 481 et
891 421 1004 485 'sentire

51 550 200 613 poenam,
221 544 327 607 neque
347 543 416 583 eam
436 542 627 607 agnoscere,
656 522 742 604 qnod
773 522 832 585 Dei
854 524 937 605 juatn
957 525 1005 611 ju·

51 630 127 695 dicio
157 627 345 714 infligatur,
374 629 428 691 aed
455 643 575 692 tantum
602 625 760 712 indignari
787 640 817 687 et
845 625 938 687 irasci
965 624 1005 687 do

50 736 162 799 amineo
184 734 293 807 bono,
314 732 349 794 id
370 748 502 797 noceat
521 736 698 818 poenitere,
720 729 773 793 aed
787 727 917 805 fremere
932 749 1006 789 eon·

49 853 95 901 teu
114 838 241 927 Deum:
260 835 391 919 perinde
411 859 448 899 ec
466 844 524 900 nne
543 840 653 915 bodie,
674 861 745 899 cum
759 818 925 918 affligimur
941 831 1007 893 bel·

49 942 81 1005 lu
101 940 262 1016 Tuscieo,
291 952 402 1023 prete,
424 937 505 1003 fame
532 957 585 1007 ent
614 943 685 1013 aliia
706 938 807 1003 modia
829 959 846 997 a
867 932 1006 996 Diabolo

49 1066 216 1117 vexemur,
239 1063 350 1137 omnes
378 1043 540 1125 querimur
562 1047 599 1109 de
620 1043 835 1130 magnitudine
856 1038 1009 1102 calamita·

52 1160 135 1220 tum,
163 1145 220 1206 aed
242 1144 400 1206 neminem
428 1145 639 1234 audiam-qui
668 1151 766 1211 dicat:
796 1143 1007 1217 Peccavimus,

52 1251 157 1332 inique
179 1248 328 1332 egimur,
349 1248 484 1311 Domine
505 1248 609 1327 Deua,
637 1250 781 1311 mirerere
802 1247 917 1321 coetui,
946 1268 1009 1311 mo.-

53 1365 154 1417 mento
175 1349 464 1413 misericordiarum
485 1367 623 1429 tuarum,
645 1375 724 1437 quae
745 1376 762 1415 a
783 1351 906 1413 eaeculo
927 1360 1009 1411 eunt.

54 1455 125 1521 Non
154 1451 374 1516 convertimur
401 1455 441 1517 ad
471 1456 573 1520 Deum
600 1458 797 1541 punientem:
826 1453 905 1515 eicnt
924 1451 1010 1513 idem

56 1556 194 1642 queritur
215 1554 314 1619 Isaiae
335 1561 364 1625 9.
388 1569 430 1631 (a.
443 1561 524 1633 133:
553 1561 725 1644 „Populus
753 1579 818 1621 non
846 1569 891 1616 eet
911 1572 1011 1615 rerer·

58 1683 107 1723 aue
124 1660 162 1722 ad
183 1659 419 1743 percutientem
440 1682 482 1741 re,
504 1676 535 1727 et
555 1663 728 1728 Dominum
744 1661 930 1726 exercituum
946 1678 1011 1720 non

57 1762 304 1846 eequiaiernnt“.
630 1740 640 1758 ’
1052 1840 1054 1849 Ι

126 1863 318 1929 Clemamne
339 1864 438 1951 igitur
458 1879 490 1929 et
509 1872 671 1951 querimur
691 1891 801 1932 omnen
828 1861 1013 1928 miaerabili·

64 1981 103 2030 ter
118 1968 153 2032 de
174 1990 309 2051 poena,
332 1970 475 2044 saevitia,
503 1975 682 2035 crudelitate
711 1973 837 2036 barbari
867 1970 961 2031 lenatia
983 1978 1014 2029 et

65 2071 158 2148 melia,
181 2073 307 2153 quibua
328 2072 509 2150 obruimnr3
539 2077 592 2137 sed
621 2079 660 2139 de
687 2092 811 2158 peccato
841 2094 904 2135 non
927 2069 1014 2132 dole-

61 2198 138 2236 mus:
160 2174 238 2235 ideo
264 2176 586 2257 nostra-poenitentia
606 2194 652 2241 eat
679 2179 834 2241 Eravitica
856 2173 1015 2258 poeniten·

63 2277 298 2341 tia.,Tendem
328 2300 402 2340 vero
431 2280 591 2343 audiemus
618 2282 670 2357 id,
702 2281 789 2362 quod
816 2274 963 2340 Proverb.
987 2279 1014 2341 l.

64 2384 288 2454 (vet—98.)
316 2380 466 2463 scriptum
494 2395 556 2445 ert:
586 2384 698 2466 „Onia
728 2381 837 2444 vocavi
865 2392 896 2439 et
914 2375 1017 2439 renni-

68 2483 134 2559 atia,
151 2482 278 2545 extendi
300 2505 428 2545 manum
448 2507 567 2561 meam,
600 2499 631 2546 et
651 2507 717 2547 non
738 2484 812 2559 fuit,
841 2481 895 2565 qui
916 2477 1017 2561 adspi-

67 2598 152 2648 ceret.
190 2585 392 2667 Despexietia
414 2607 506 2647 omne
527 2587 692 2648 coarailium
721 2608 841 2661 meum,
870 2595 901 2645 et
919 2582 1019 2645 incre·

62 2689 199 2771 pationea
230 2684 320 2749 meria
347 2689 532 2772 neglexistis.
586 2691 660 2775 Ego
682 2710 809 2773 quoque
838 2686 870 2747 in
891 2682 1021 2746 interitu

63 2802 162 2851 vestro
183 2792 317 2864 ridebo,
346 2806 378 2853 et
398 2793 611 2870 subsannabo,
645 2817 716 2857 cum
745 2792 834 2854 robie
855 2789 905 2864 id,
926 2784 1015 2869 qood

63 2892 240 2968 timebatis,
268 2893 442 2958 advenerit.
492 2896 574 2960 Cum
602 2896 729 2958 irruerit
756 2893 913 2976 repentine
942 2888 1021 2951 cala·

64 2995 172 3067 mitae,
200 3007 234 3055 et
259 2995 407 3060 interitus
428 3015 527 3063 veeter
548 3002 635 3084 quasi
661 3009 825 3080 tempestae
855 2989 1020 3078 ingruerit,

66 3096 193 3178 quando
215 3099 321 3175 veniet
342 3123 437 3184 anper
457 3124 512 3167 roa
532 3102 695 3165 tribulatio
717 3112 748 3160 et
768 3095 929 3184 angustia,
944 3106 1021 3155 tuno

66 3200 258 3262 invocabunt
286 3226 356 3280 me,
385 3219 415 3268 et
436 3228 499 3270 non
519 3204 706 3266 exaudiam“
727 3215 783 3264 eto.
832 3195 917 3280 Quid
938 3194 1022 3257 enim

69 3315 113 3363 est
132 3303 309 3388 indignior,
331 3330 425 3389 qnam
446 3331 504 3370 noe
524 3330 540 3369 a
560 3309 631 3369 Deo
652 3305 792 3392 flagitare
812 3302 959 3373 salutem,
987 3296 1024 3359 li·

70 3407 284 3482 berationem,
311 3408 562 3473 benedictionem
586 3409 620 3470 in
647 3406 862 3489 corporalibue
884 3414 915 3464 et
934 3399 1023 3485 epiri·

72 3511 225 3575 tualibus:
257 3532 294 3573 ae
312 3511 431 3575 interea
460 3526 563 3574 tamen
590 3511 767 3574 idolatriam
788 3524 946 3577 exercere,
975 3523 1025 3566 oo·

75 3615 175 3683 cidere
195 3613 342 3693 fratrem,
361 3628 584 3698 parentemn
604 3614 705 3687 omnia
725 3611 851 3703 genecie
872 3607 1026 3702 cupidita·
