2236 4034
22 147 35 187 ⁵
105 165 167 235 tot
218 250 232 270 ‚
278 156 918 242 trigestnsntsssiumespns

109 332 169 397 que
190 309 229 384 sd
249 305 414 380 transitum
433 301 581 381 lordonis,
620 304 740 392 Neque
775 303 901 369 dolose
928 301 1033 391 heesgs

108 427 239 488 suntne,
268 407 390 481 temetsi
409 406 511 470 sdhuo
538 405 634 475 fuisos
652 395 869 492 suspioioues
891 405 924 467 io
944 416 1034 492 nunqu

108 513 229 587 semilis
248 509 415 576 verisimile
434 520 489 573 est.
529 507 593 573 Ssd
613 509 707 573 lsoob
729 506 802 570 fnit
822 505 1036 572 osstiseimoss

47 683 50 693 ,
109 615 318 704 promissione
338 614 376 680 ds
401 604 598 677 eeoouoilists
626 613 800 679 soluntste
822 607 954 684 framis,
977 611 1037 672 stis
1074 600 1078 609 ¹

2 729 5 739 “
110 720 241 805 telligit,
268 718 346 781 heeo
373 709 531 799 profioisoi
558 713 664 778 omnis
692 735 731 776 ex
765 711 886 776 animo
918 710 1037 777 smioost

110 821 256 892 osndido.
295 820 338 890 Et
362 832 463 890 temon
491 818 674 901 deprsostur
699 816 793 879 hono
814 812 1037 879 humilitatenit

112 923 245 994 offitium
265 918 374 990 fratris.
414 921 489 984 Non
512 940 634 984 necesse
654 931 717 997 est,
742 916 884 1000 inquit,
912 928 943 978 te
960 916 1037 979 itsis

46 1038 48 1046 '
112 1025 242 1098 miliari,
263 1036 293 1090 et
314 1024 406 1086 nimis
427 1043 521 1109 greve
541 1022 601 1087 hoo
622 1021 681 1087 tibi
699 1021 861 1085 futurum
883 1032 972 1082 esset
1002 1019 1038 1084 tte-

112 1126 157 1190 vit
176 1125 260 1196 enim
279 1123 434 1188 Dominus
455 1144 560 1200 meus,
588 1145 638 1187 me
664 1125 788 1188 hebere
809 1120 971 1206 parvulos
992 1135 1040 1188 isse·

28 1228 54 1307 'x
113 1249 184 1305 sos,
211 1240 243 1290 et
269 1227 405 1311 peoudes
432 1224 528 1301 fetes,
556 1247 646 1306 oves,
672 1227 852 1315 egnsllos‚
883 1223 1040 1291 situlotlto

113 1339 227 1405 mutes,
255 1326 310 1413 qui
330 1347 395 1396 nou
415 1341 547 1412 possunt
567 1327 633 1392 sins
659 1329 817 1413 periculo
844 1324 979 1391 salerius
999 1349 1041 1410 pro

111 1416 290 1525 ⁴gredientss
311 1431 468 1515 subsequi,
507 1430 622 1494 Ruben
641 1429 700 1493 fuit
721 1449 901 1494 sonorum
923 1427 1042 1507 trsdeu'o,

114 1553 180 1601 non
208 1524 312 1596 multo*
339 1531 483 1621 emplius.
521 1529 599 1593 Levi
627 1530 819 1608 duodecim,
855 1529 939 1595 luds
965 1531 1043 1610 decen

115 1647 146 1702 et
165 1636 210 1700 sio
230 1633 374 1718 deinceps
393 1652 492 1714 usque
512 1632 552 1694 ed
572 1630 705 1711 Diuum,
733 1655 824 1716 quae
858 1656 930 1700 non
958 1637 1045 1699 nest

116 1738 259 1821 qusrtum
278 1754 394 1802 ennom
414 1736 448 1804 in
469 1731 530 1797 hoo
546 1734 681 1818 trejecto.
724 1735 833 1802 Dmoit
855 1736 959 1822 igitur
977 1758 1046 1801 seem

115 1839 239 1903 turbam
258 1837 461 1919 parvolorum
481 1855 595 1920 magno
616 1837 743 1916 lebore3
765 1840 876 1924 pueri
897 1852 997 1903 sutsm
1011 1852 1047 1903 tm

115 1939 224 2002 tenelli
244 1959 308 2001 non
327 1950 458 2022 possunt
478 1937 566 2021 eoqui
586 1940 768 2006 oomitetum
790 1942 909 2020 Esou,
940 1942 1048 2026 equilen

116 2055 148 2108 et
167 2054 364 2109 srmstorom.
405 2038 451 2108 lts
469 2038 529 2104 tibi
548 2038 662 2108 enimus
681 2041 941 2128 impedimento,
959 2045 1001 2109 mi
1015 2045 1050 2111 fo

116 2154 179 2222 tes,
200 2156 230 2208 et
251 2143 346 2208 oneri.
795 2140 798 2145 ’

169 2276 177 2293 =
194 2246 419 2313 Honestissima
438 2243 587 2308 recusetio
608 2257 672 2323 est3
692 2243 794 2330 longe
819 2245 912 2309 enim
928 2244 1052 2312 difficiles

117 2357 162 2409 eet
182 2347 294 2411 dooere
313 2349 472 2413 imbellem
492 2361 522 2412 et
542 2362 676 2411 tenerem
696 2347 832 2410 turbem
861 2351 1053 2431 porvulorum,

117 2472 211 2535 quem
231 2452 352 2535 eliquot
371 2465 486 2513 termes
513 2451 671 2537 equitum,
698 2451 725 2515 si
747 2449 892 2535 quidem
915 2454 1054 2516 multato

117 2550 240 2629 sidunt,
261 2575 339 2638 quse
358 2553 537 2637 impediunt
557 2571 777 2637 progressum,
802 2567 841 2616 et
865 2570 992 2641 oogunt
1009 2561 1054 2620 sols

117 2653 223 2717 sistere
242 2654 362 2739 aliquot
382 2657 446 2720 dies
472 2656 627 2720 interdum
647 2670 699 2719 eut
718 2654 832 2723 hores.
877 2658 1004 2723 Infinits
1023 2683 1055 2724 eu·

116 2775 153 2818 re
172 2768 217 2819 est
236 2777 306 2820 oum
326 2756 443 2823 semilis
462 2758 671 2846 peregrinari,
699 2760 899 2840 praesertim
928 2762 988 2826 illo
1006 2777 1054 2827 tes-

115 2878 213 2944 poro,
244 2859 369 2943 quondo
396 2883 460 2924 non
488 2860 547 2923 luit
572 2881 646 2923 osus
674 2880 852 2936 osredum,
882 2863 972 2927 siout
996 2865 1054 2950 spui

116 2980 194 3036 nos,
223 2961 278 3025 ssd
303 2964 428 3027 osmelis
456 2976 486 3027 et
505 2963 599 3026 asinis
620 2960 756 3026 esroinss
784 2975 821 3025 et
842 2968 1003 3046 pessulos
1018 2968 1055 3028 im

23 3095 28 3102 ·
117 3077 300 3149 posuerunt
340 3065 412 3130 Ideo
439 3066 519 3129 nihil
550 3065 672 3128 simulet
697 3084 755 3127 neo
782 3068 948 3130 mentitus·
977 3070 1054 3146 lsooi,

11 3190 14 3195 ·
116 3186 188 3230 oum
209 3167 265 3230 sit:
286 3166 355 3231 Nos
376 3167 491 3231 erimus
512 3167 568 3230 tibi
588 3166 675 3230 onesi
695 3178 724 3229 et
744 3165 1009 3250 impedimento,
1024 3194 1055 3236 rt
1084 3184 1087 3191 '

116 3268 308 3337 merebimur
332 3269 556 3353 profectionem
582 3282 682 3348 mem,
710 3287 768 3330 uos
800 3271 1054 3354 gravabimustt
1087 3360 1090 3367 1

116 3369 258 3434 hostem
279 3371 410 3436 molesto
431 3371 594 3446 comitetu3
615 3371 669 3434 sed
689 3369 769 3434 serio
785 3372 1053 3456 deprecatorium
1088 3452 1090 3459 Ι

116 3469 301 3548 molestiam,
322 3493 360 3536 no
380 3473 605 3536 exeusationem
623 3471 715 3535 slism
728 3470 840 3536 efferat
861 3476 967 3552 Esou,
988 3480 1053 3562 quod
1088 3540 1090 3547 ,

15 3641 25 3656 ,
116 3570 189 3679 solit
212 3574 329 3641 tardius
359 3575 529 3666 progredi,
557 3588 609 3641 sut
635 3574 695 3641 tole
722 3575 857 3679 aliquid,
905 3578 1052 3680 signifi&¹
1088 3558 1091 3577 2
