2236 4034
10 714 13 761 ¹
98 681 411 865 utcesttct
439 690 673 820 comm
702 726 945 865 clamis

292 924 427 1011 cans
456 884 766 997 eosiamoa.

544 1138 607 1164 ,Ι

10 1396 16 1407 ·
53 1349 261 1449 Egressus
281 1346 420 1441 itaque
440 1360 498 1416 est
516 1341 639 1417 iacob
657 1353 704 1416 de
724 1331 1033 1434 ‘Batrachum-

55 1463 213 1529 teuiret
242 1464 287 1524 in
317 1461 460 1522 Haran.
499 1457 652 1521 Etcum
681 1446 1010 1525 vs'nisset'udlo·

12 1568 16 1573 ’
56 1587 136 1630 cum
167 1564 392 1651 quendam,
424 1561 695 1644 pernoctavit
723 1561 803 1640 ibi3
833 1586 920 1626 uam
947 1587 1012 1651 cc.

63 1670 212 1733 uiderat
245 1668 321 1730 sol.
382 1665 433 1729 Et
460 1665 611 1727 'tollens
641 1665 688 1726 de
716 1664 934 1747 lapidibus
961 1666 1012 1731 il·

58 1773 133 1838 lius
153 1771 246 1837 loci
266 1768 408 1856 posuit
435 1780 509 1852 p'rc
538 1766 686 1850 capitis
715 1768 778 1828 sui
799 1759 1011 1849 cervicali,

238 1871 526 1954 'dormivitque
544 1869 586 1931 in
605 1871 698 1934 lot‘o
719 1869 808 1934 illo·

137 2081 270 2143 Primus
293 2077 383 2139 locus
405 2063 574 2136 atlmcclum
594 2056 725 2160 insignis
747 2073 811 2154 cst,
841 2075 872 2139 ct
892 2087 1015 2143 accurt-

64 2197 90 2247 ta
117 2182 307 2251 tractatione
336 2180 460 2262 dignus.
509 2177 663 2241 Continet
698 2174 783 2240 enim
811 2181 1017 2264 multiplicem

64 2297 90 2347 et
107 2281 341 2366 amplissimam
363 2282 536 2345 doctrinam
557 2296 587 2345 et
607 2281 670 2344 fere
697 2280 901 2363 ampliorem,
923 2293 1018 2365 quom

66 2407 119 2449 nos
138 2385 331 2469 explicando
354 2387 477 2469 assequi
497 2386 663 2467 possimus.
705 2381 796 2444 Iacob
818 2383 900 2444 enim
920 2382 1038 2466 proli,

37 2527 39 2535 ·
71 2492 186 2553 ciecitnt·
208 2492 247 2551 in
271 2487 439 2563 exsilium,
461 2499 585 2549 coactus
606 2485 714 2569 fugere
736 2483 840 2547 fratris
867 2486 1017 2565 furorem,

70 2586 167 2675 stipsi
189 2587 375 2653 fratricidae
397 2591 457 2652 sibi
487 2589 621 2652 debitam
648 2588 902 2652 benedictionem
923 2592 1018 2653 telin·
1095 2608 1098 2613 '

15 2752 18 2773 Ι
68 2717 168 2780 quere:
202 2716 388 2778 quanquam
409 2689 437 2756 is
460 2715 495 2756 eo
516 2695 588 2775 ipso
609 2691 749 2775 placatus
771 2706 834 2768 ost,
856 2692 929 2776 quia
944 2710 1018 2776 pos·

18 2865 23 2871 ,
68 2819 159 2859 sessor
189 2795 423 2859 benedictionis
453 2796 555 2882 fugit,
587 2808 617 2857 ct
643 2794 796 2876 relinquit
815 2796 876 2879 ipsi
896 2796 1020 2879 posteo

21 2920 28 2989 j
69 2903 181 2962 sionem
212 2900 377 2983 integram
404 2910 459 2977 tot,
479 2897 578 2971 annis.
627 2897 711 2964 Huec
740 2899 886 2961 nimimm
912 2888 946 2960 in
967 2898 1020 2962 ad=

19 3006 22 3011 ’
69 3003 294 3064 ministratione
317 3003 423 3064 divina
444 3004 538 3066 stulta
559 3015 588 3065 et
608 3003 714 3086 inepta
735 3013 807 3065 sunt
828 3008 932 3063 coram
949 3014 1022 3065 ocu·

18 3080 25 3179 ‚i
68 3109 100 3170 lia
120 3107 266 3181 nostris,
288 3100 375 3190 quod
396 3107 519 3183 haeres,
538 3107 597 3189 *qui
618 3102 742 3167 futurus
764 3113 810 3165 cat
825 3104 905 3186 lapis
921 3102 954 3166 in
973 3118 1022 3166 'ca-

14 3188 20 3267 ;Ι
69 3224 120 3294 put
141 3210 274 3295 anguli,
295 3210 485 3293 reprobatur
503 3210 543 3271 ab
564 3206 808 3272 aedificantibus.
844 3207 896 3270 Ad
916 3207 950 3269 id
971 3207 1023 3270 tle·

11 3308 18 3369 i
72 3313 197 3374 stinatus
231 3322 316 3386 erat,
343 3324 379 3375 ut
408 3324 485 3395 esset
512 3310 715 3373 dominusin
737 3304 854 3386 domo,
877 3321 974 3372 otest
996 3310 1024 3375 ei

73 3414 235 3476 commissa
259 3414 364 3477 divina
385 3413 567 3478 auctoritate
590 3410 777 3498 gubernatio
800 3413 911 3476 domus
932 3426 964 3478 et
977 3438 1024 3479 ec·

74 3514 192 3577 cleeiaet
216 3515 272 3577 sed
293 3516 353 3580 hcc
374 3534 440 3580 nou
462 3525 507 3579 est
527 3516 687 3599 possidere
717 3517 863 3591 domum,
895 3527 948 3578 aut
968 3540 1025 3602 gu·

75 3618 200 3682 bernara
220 3616 374 3685 familiam
396 3634 427 3685 et
447 3615 621 3697 ecclesiam,
642 3619 754 3709 fugere
773 3620 847 3682 baso
867 3619 972 3684 omnia
995 3635 1025 3684 et
