2236 4034
10 180 15 189 ’
450 189 626 277 genceaie.
948 194 1005 265 185

65 332 145 416 quae
165 331 321 415 pertinent
340 334 381 397 ed
403 355 501 399 eacaa
544 334 620 400 Fuit
640 331 778 417 profecto
799 333 1007 416 pulcherrima

65 448 96 498 at
116 436 271 521 praeclara
291 433 386 536 fides,
407 450 438 503 et
457 437 579 524 iueigut
599 437 789 519 exemplum,
812 437 897 520 quod
918 458 1007 503 mcc·

65 551 141 601 atrat
160 541 311 601 rationem
332 554 364 611 et
382 539 542 606 artificium
565 539 699 602 luctandi
721 560 792 605 cum
815 538 890 601 Dec.
932 514 1006 601 Non

39 642 151 705 euim
177 644 216 705 ad
237 644 373 726 primum
400 643 496 705 ictum
516 641 649 721 abjicere
679 641 782 706 atatim
810 642 948 704 acimum
976 652 1007 707 et

65 766 192 812 omnem
221 768 309 829 spem
339 746 500 820 debemua,
537 746 591 812 aed
620 742 814 818 instandum,
844 747 1005 824 orandum,

27 152 40 213 d

10 276 74 349 ἱ

10 402 44 459 ιι

10 514 65 566 ιι

10 621 34 659 ι

10 726 42 775 ιι

10 816 40 877 ιι

10 850 296 970 quaerendum,
325 849 513 932 pulaaadum
529 855 587 911 'eat
628 845 671 911 Et
691 859 726 906 ut
746 847 877 912 maxime
897 846 1006 934 fugam

10 932 378 1028 '·u10ditetur‚tamen
410 965 444 1013 tu
473 970 634 1019 necessa,
664 947 716 1009 aad
744 961 859 1011 aertere
885 951 1006 1029 redulc,
1038 967 1043 982 ¹

14 1046 31 1104 i
63 1053 193 1136 perinde
214 1066 249 1115 ut
268 1053 382 1120 mulier
400 1051 561 1117 cananaea
581 1048 730 1123 faciebat,
751 1072 842 1134 quam
865 1074 927 1114 ucu
948 1072 1005 1136 pc-

12 1151 28 1242 ξ’
61 1167 141 1218 terat
161 1157 254 1233 latere
276 1154 434 1230 Chriatua,
454 1155 510 1217 aad
525 1153 670 1227 intravit,
690 1153 791 1236 inquit
811 1154 938 1219 Merena
955 1159 1004 1234 (7,

10 1254 21 1293 ¹
62 1262 149 1338 ib),
167 1257 201 1327 ic
223 1260 368 1338 demum,
388 1271 418 1322 et
438 1259 577 1350 procidit
595 1259 636 1327 ad
655 1257 751 1347 pedes
763 1255 856 1359 'ejuaf
891 1252 914 1325 ',

10 1359 22 1396 ι
234 1380 238 1393 ,

10 1446 22 1504 i
144 1458 180 1522 Si
200 1459 291 1524 etiam
311 1460 345 1521 in
366 1461 460 1522 dcmc
481 1464 513 1524 ae
544 1460 630 1524 abdit
655 1461 689 1537 ic
717 1458 912 1534 cubiculum,
937 1477 1005 1523 arec

11 1570 23 1607 ’-’
61 1550 133 1626 vult
152 1563 296 1645 cuiquam
311 1561 451 1647 patefieri
471 1562 598 1642 aditum,
619 1583 657 1624 ne
671 1562 794 1627 recedaa
816 1575 926 1635 tamen,
949 1560 1005 1623 aed

10 1675 20 1712 ⁵
49 1683 204 1746 aequare.
246 1665 279 1728 si
300 1685 365 1729 ιιοιι
386 1663 453 1730 vuit
472 1665 597 1740 audire,
630 1665 719 1750 pclaa
746 1664 828 1731 ierea
858 1663 1005 1740 cubiculi,

63 1769 222 1852 obstrepe.
277 1768 312 1833 ld
338 1766 421 1830 anim
449 1782 495 1834 eat
522 1790 677 1834 rammam
705 1766 906 1843 aeerificium,
939 1764 1004 1833 tou

10 1864 20 1925 t'
62 1892 181 1934 ceaaare
203 1872 321 1935 orando
343 1885 373 1935 et
386 1872 576 1956 quaerendo,
598 1872 696 1935 donec
712 1871 867 1934 viceduraa
889 1872 1004 1958 ipsum·

36 1982 39 1986 ’
61 1971 191 2056 lamque
211 1972 279 2055 ipae
299 1994 365 2036 eece
386 1974 479 2040 nebia
500 1974 639 2051 dedidit,
666 1988 700 2036 at
720 1975 758 2036 de
780 1974 907 2036 victoria
927 1970 1013 2035 certi
1040 1976 1045 2050 ζ

62 2099 130 2138 ease
154 2076 324 2154 pessimae,
356 2076 428 2161 quia
449 2077 589 2164 alligavit
609 2099 641 2142 aa
668 2077 944 2161 premiaaicraibua,
973 2078 1006 2140 et

15 2164 22 2209 ²
63 2179 229 2241 obstrinxit
266 2176 358 2246 fidam
392 2201 478 2242 auem
513 2181 685 2261 juramento
721 2177 810 2256 (ich.
829 2182 883 2248 16.
913 2179 1003 2250 233³
1072 2174 1096 2220 ¹'

10 2278 23 2315 ¹³
64 2283 201 2356 „Aurem
223 2302 311 2342 amen
331 2277 400 2343 dice
423 2281 522 2357 vobit,
543 2282 694 2368 quicquid
710 2279 859 2364 petieritis
880 2279 1004 2345 Patrem

18 2377 22 2413 ²
63 2382 99 2444 in
119 2385 243 2444 neruine
263 2403 344 2456 meo,
366 2383 450 2446 dabit
469 2385 593 2447 ecbic‘t
635 2384 710 2450 Item
733 2386 847 2463 (Mare.
867 2388 913 2459 16,
929 2387 1002 2456 1621:

10 2485 21 2519 '²
66 2484 157 2566 „Qui
188 2484 351 2546 crediderit
381 2497 413 2548 at
443 2485 614 2570 baptisatus
641 2486 750 2567 fuerit,
778 2487 878 2550 aalrua
907 2489 1002 2552 erit“.

13 2586 19 2649 i
64 2587 148 2649 Haae
168 2609 327 2669 nunquam
346 2585 472 2664 fallent,
494 2589 555 2653 uiri
569 2601 604 2654 tu
624 2588 711 2675 aequi
731 2600 760 2651 at
780 2612 926 2675 quaerere
944 2611 1004 2676 uc·

63 2690 169 2755 luerit.
210 2689 258 2754 lbi
285 2702 339 2752 tua
363 2688 454 2771 culpa
480 2691 633 2753 atartando
660 2705 691 2754 et
710 2693 870 2773 oscitando
891 2691 1003 2757 amittit

10 2792 21 2853 t
64 2790 245 2856 certiaairuaa
266 2791 486 2871 premieeicnea
506 2806 535 2854 et
557 2793 714 2861 Cbrictum
733 2794 848 2878 ipsum,
870 2796 943 2879 quia
957 2816 1005 2858 re·

10 2898 21 2958 i
66 2915 153 2957 cucaa
173 2892 207 2958 in
228 2891 305 2954 hauc
324 2913 447 2957 arenam
468 2892 670 2971 daecandera,
699 2912 730 2958 et
758 2911 910 2963 certamen
932 2921 1004 2962 eum
1080 2947 1086 2957 ,

10 3006 23 3063 ιι
66 2997 134 3057 Dec
156 2993 330 3076 ecacipere,
356 2994 413 3057 ubi
433 2996 623 3080 conspicitur
643 3010 673 3063 et
692 2999 777 3084 viget
798 3022 871 3063 uaua
891 3001 1003 3065 harum
1072 3004 1073 3009 ’

10 3122 22 3190 ¹.
65 3096 319 3183 premiaaicuuua.
361 3096 447 3160 Sicut
467 3099 596 3180 viciata
626 3114 744 3164 exercet
765 3099 874 3176 Iacob,
902 3101 1003 3166 douae

10 3232 20 3269 ι
65 3221 173 3263 aarum
194 3199 291 3264 robur
311 3212 342 3260 et
360 3198 516 3265 firmitudo
538 3201 685 3266 bdeieeae
706 3216 826 3265 eruerat.
847 3203 893 3266 Ac
906 3225 1003 3287 prop·

10 3334 16 3371 ι
63 3314 146 3363 terea
167 3314 262 3362 mutat
283 3300 393 3364 nomeu
414 3305 489 3385 ejua.
530 3304 605 3371 lton
634 3306 862 3390 appellabaria,
889 3308 1002 3391 inquit,

63 3405 149 3467 altra
167 3404 266 3467 iacob.
308 3403 415 3472 Dictua
437 3427 468 3470 ee
498 3420 587 3471 autea
617 3409 762 3484 calcator,
791 3423 920 3492 propter
939 3407 1017 3496 suu¹

64 3520 160 3581 trem3
186 3507 239 3567 ced
260 3505 400 3593 condurat
419 3507 475 3571 tibi
502 3508 719 3590 impoaueruct
745 3533 851 3575 veram
877 3532 999 3577 cumea.
1069 3574 1072 3586 ι

64 3607 159 3674 lucet
180 3607 238 3671 erit
258 3598 374 3675 noim
391 3618 490 3681 tacu.
528 3611 668 3680 ld'eaiu
695 3614 808 3682 uetuit
835 3626 888 3680 ιιι
913 3615 1003 3686 torat-
1110 3700 1113 3705 Ι
