2236 4034
475 189 654 279 genesio.
794 249 797 255 ,
876 234 878 243 1
930 196 932 202 ’
983 203 1043 267 257

92 340 148 418 nia.
171 338 227 405 Sia
247 338 617 433 eoimrutiooinatuaert·
640 341 674 407 si
696 342 811 406 dedero
833 341 965 409 eifiliam
981 348 1042 412 Ra·

89 445 161 520 bel,
196 466 272 507 mox
298 443 415 517 abibit,
445 457 475 508 et
504 447 622 510 deseret
649 468 749 509 meam
778 448 925 527 domum,
962 475 1042 535 quae

86 550 269 631 praesentia
300 560 329 610 et
360 546 506 612 fidelitate
535 553 601 633 ejuo
630 552 759 635 pulobra
787 551 924 614 accrevit.
966 555 1039 619 ideo

85 652 293 714 detinendus
306 649 383 716 mibi
404 649 463 713 erit
484 651 615 731 diutius,
643 677 706 740 quo
734 654 820 737 jure,
850 677 972 738 quaque
992 659 1040 721 iu·

80 755 178 837 juria.
222 754 299 817 Non
321 755 398 836 quia
418 754 544 818 bene
517 781 544 822 er
566 760 707 842 oupiam,
735 758 809 840 quia
829 758 938 839 plures
958 759 1038 840 filiae

81 859 112 920 ei
136 859 265 933 durem,
286 860 318 923 ai
341 860 500 938 baberem3
529 865 584 926 aed
604 866 694 937 ideo,
721 876 757 925 ut
791 859 936 921 retineam
966 885 1037 927 eum

79 982 214 1037 mecum
237 963 370 1037 diotiua,
392 978 423 1026 et
444 961 591 1028 diteaoum
612 965 696 1027 fideli
716 963 842 1026 aerritio
863 963 939 1045 ejua.
962 965 1057 1029 Wie·
1109 992 1113 1001 ·

80 1061 136 1123 eiu
159 1062 280 1125 Sabella
300 1064 340 1126 ist
362 1067 440 1128 dae?
481 1069 545 1130 lam
573 1066 763 1130 satisfecerat·
780 1066 876 1129 lueob
903 1081 1035 1149 peteret)

79 1165 255 1258 nrandato,
285 1188 347 1248 quo
369 1169 470 1250 jueaua
491 1186 559 1235 eret
579 1172 692 1235 ducere
711 1190 839 1260 uxorem
859 1160 899 1233 ex¹
916 1171 973 1234 hao
992 1170 1037 1237 fa·

79 1251 192 1344 milia,
220 1268 346 1352 jamque
367 1287 487 1353 reptem
508 1274 596 1336 onnia
625 1272 769 1336 servierat
796 1274 881 1356 juxta
910 1289 1036 1358 paetum

81 1392 158 1433 oum
179 1392 305 1446 eouer03
327 1375 516 1461 cogitabat
506 1380 604 1463 igitur
632 1378 760 1439 domum
782 1398 853 1456 oum
872 1399 967 1442 uxore
987 1401 1036 1444 re-

78 1474 172 1536 verti,
214 1473 262 1536 lbi
284 1474 438 1540 Diabolus
467 1481 545 1546 bauo
570 1478 889 1563 molestiamubjiait,
916 1490 1034 1542 utnon

81 1578 191 1640 solum
211 1578 316 1642 turbet
337 1593 367 1641 et
394 1581 547 1667 impediat
571 1585 715 1670 nuptiae,
745 1582 800 1648 aed
827 1583 919 1646 etiam
947 1582 1034 1647 aliud

80 1660 282 1767 septennium
304 1684 438 1768 adjiciat.
502 1759 504 1762 v

163 1854 372 1931 serviendum
403 1869 447 1919 eet
475 1857 579 1940 itaque
604 1854 697 1940 Iaeob
726 1855 960 1939 quatuordeeim
981 1876 1040 1919 eu·=

80 1957 152 2034 uia3
183 1978 257 2020 nam
286 1979 346 2040 pro
378 1959 443 2022 Lea
464 1983 528 2024 non
558 1960 672 2023 serviit.
714 1959 750 2022 id
777 1982 850 2022 sano
879 1980 974 2048 grave
1000 1966 1037 2024 et'

80 2063 253 2125 molentum
273 2061 348 2123 fuit(
379 2061 479 2123 Habet
500 2063 561 2142 jam
583 2063 660 2124 duur
681 2064 849 2150 conjuges,
877 2075 909 2126 et
928 2074 1039 2141 tamen}

80 2165 161 2227 nibil
184 2165 308 2248 proprii
329 2164 435 2239 hebet,
457 2164 551 2227 aervit
571 2165 674 2227 vuouia
696 2167 854 2240 munibus,
877 2169 963 2252 quod
984 2180 1031 2231 eet

82 2269 288 2330 durieaimum
309 2281 339 2331 et
366 2267 624 2330 molestieaimum.
667 2269 718 2331 Ad
751 2290 782 2332 ee
810 2269 893 2332 euim
921 2258 1044 2334 uvaruu¹¹

81 2371 186 2434 Nubel
216 2372 300 2457 rapit
328 2373 446 2448 omnia,
475 2386 505 2434 et
524 2370 558 2434 id
578 2372 679 2434 solum
707 2374 787 2458 agit,
813 2386 849 2436 ut
876 2394 934 2456 per
961 2374 1030 2436 dili-

85 2460 222 2560 geutiam
244 2489 274 2538 et
294 2475 442 2540 beneficia
469 2477 557 2540 irtiua
587 2474 698 2559 optimi
726 2476 784 2536 viri
810 2472 1027 2560 loeupleteturt

85 2579 228 2641 Debebat
247 2590 349 2663 eutem
370 2579 430 2659 jam
452 2581 479 2641 ei
500 2577 634 2640 vieiaaim
654 2575 850 2653 benefacere,
871 2593 901 2640 et
922 2580 1028 2642 dotem

86 2682 174 2744 dere:
204 2683 261 2744 aed
280 2681 385 2744 illudit
405 2683 451 2757 ei,
480 2694 511 2744 et
530 2679 671 2743 obtrudit
699 2679 775 2741 duaa
795 2678 922 2742 anoiiiue
943 2693 974 2749 et
993 2678 1035 2742 fio

85 2787 173 2860 bem,
205 2807 302 2869 quum
330 2796 495 2847 aversatur.
535 2781 634 2857 Vide,
672 2782 800 2845 avaritia
827 2783 904 2866 quid
931 2781 1026 2845 faoiti’

86 2891 136 2953 Eut
155 2890 255 2975 igitur
275 2890 397 2972 raptor,
418 2889 585 2975 spoliator,
610 2883 661 2947 sur
680 2898 710 2948 et
730 2885 828 2959 latro,
858 2883 915 2967 qui
936 2883 1025 2946 diter-

85 2994 118 3057 tit
138 2994 295 3076 sanguine
315 3007 346 3055 et
366 2993 479 3056 rudore
500 2988 608 3072 optimi
629 2988 687 3050 viri
717 3001 748 3050 et
767 2986 919 3063 filiarum,
947 2989 1025 3053 oiaut

83 3095 157 3158 iufra
178 3109 344 3180 aequetur,
365 3095 431 3157 bata
451 3096 526 3157 aliea
546 3091 671 3156 zurich
691 3089 851 3179 geriaoeu,
879 3091 1025 3176 impurio-

80 3200 175 3262 aimua
203 3198 419 3261 mammoniata
446 3199 490 3260 ita
515 3194 714 3269 describitur,
752 3207 787 3256 ut
813 3214 878 3257 nou
908 3195 1024 3261 mirum

79 3305 135 3380 ait,
157 3303 186 3366 ei
206 3315 292 3364 totue
312 3301 447 3364 mundun
467 3321 538 3362 eum
562 3309 741 3361 exaeoretur.
782 3296 915 3380 Superat
934 3320 1024 3382 rapa·

74 3411 204 3471 uitatem
234 3407 376 3469 omnium
403 3401 507 3466 forum
535 3414 565 3465 et
590 3401 802 3486 praedonum,
829 3420 931 3485 nequa
958 3403 1023 3466 ulla

73 3511 237 3574 rhetorica
256 3510 331 3572 satia
351 3490 533 3592 exaggerari
552 3504 679 3570 avaritia
698 3502 758 3565 iota
777 3514 889 3588 puteat.

115 3619 234 3677 raum
252 3618 306 3692 op.
324 3602 423 3693 aete.
443 3616 564 3673 veru.
708 3609 746 3674 17
