2250 4042
450 114 623 236 gtineaie.
713 105 715 109 Ι
955 122 1026 224 293,

10 342 24 402 3
65 293 275 381 lerosolyma-
304 308 356 359 aut
382 319 441 381 per
468 299 752 386 agnominationem
767 284 835 366 ¹sic
854 300 1041 382 alictaeet,x

10 401 153 509 .-quod
173 410 253 462 e'seet
272 401 383 462 domus
401 401 473 463 Dei
968 412 981 431 ⁸

144 501 232 562 lubet
252 514 354 564 autern
371 501 541 580 Dominus,
562 502 773 575 Patrinroham
790 502 958 568 aedificare*
969 505 1013 568 el·
1085 535 1092 543 ·

10 574 131 665 ¹‘tare
159 603 192 664 in
220 605 349 681 Rachel,
382 618 411 666 at
439 609 583 670 admonet
602 631 672 671 enm
692 607 902 670 tribulationis
923 628 1012 690 supe-

63 688 173 783 rioria,
194 721 225 771 et
245 708 423 769 consclatur
435 729 507 772 eum
521 711 668 793 exemplis
685 711 934 793 praecedentium
948 723 1012 772 ten·

12 812 216 873 tatianum
239 823 268 871 et
287 809 539 877 liberationum„
561 812 660 893 Quasi
681 813 809 874 diceret:
830 811 1009 874 Recordare

12 994 15 1001 .
61 915 305 1000 promissionum
326 913 384 975 tibi
405 927 475 976 ante
496 880 555 976 hoo
576 925 698 994 tempos
718 912 887 987 factarum,
909 923 938 973 et
959 932 1010 973 oo·

11 1014 14 1027 '
61 1018 147 1101 gito,
170 1017 243 1100 quid
265 1027 353 1077 antea
372 1016 432 1077 tihi
453 1015 614 1088 acciderit,
636 1036 707 1076 cum
729 1014 854 1097 fugares
883 1012 1024 1079 fratrom.

52 1120 165 1195 Esau,
187 1134 218 1181 at
239 1131 354 1203 quanta
374 1139 485 1199 passus
507 1118 577 1199 aia,
595 1130 625 1178 et
653 1139 747 1200 quam
767 1116 903 1198 benigne
923 1130 952 1179 te
972 1117 1008 1179 li-

59 1221 231 1287 beraverim
252 1233 282 1283 et
303 1221 499 1289 defenderim.
542 1219 641 1281 Porro
663 1241 682 1281 a
701 1217 777 1304 fuga
797 1219 890 1281 Iacob
908 1243 1007 1304 usqne
1074 1232 1077 1246 ’

36 1318 99 1389 'ad
128 1327 188 1388 hoo
213 1338 337 1404 tempus
367 1336 438 1384 suut
466 1325 585 1386 circiter
612 1321 742 1407 triginta
762 1326 845 1386 anni.
886 1324 1008 1408 Viginti

57 1429 140 1491 enim
161 1427 249 1489 annis
270 1424 328 1487 fuit
347 1425 380 1483 in
401 1424 640 1506 Mesopotamia,
663 1439 734 1486 octo
750 1428 897 1490 habitavit
912 1409 1006 1490 insi·
1074 1434 1076 1439 ’

58 1530 166 1603 oham,
188 1527 310 1588 duobus
331 1526 417 1588 annia
439 1525 498 1588 fnit
518 1527 551 1587 in
567 1527 696 1602 'itinera
719 1547 753 1590 ao
775 1540 840 1590 toto
861 1512 1009 1591 illatam

56 1652 136 1715 porc
156 1628 221 1691 fera
243 1629 316 1691 odio
338 1625 475 1689 fraterno
496 1641 621 1689 vexatus
635 1640 696 1691 est.
729 1629 927 1693 ¹Memineria
948 1631 1005 1716 igi-

56 1747 128 1810 tur,
154 1746 185 1794 te
215 1744 304 1793 antea
332 1750 457 1813 quoque
477 1731 511 1793 iu
532 1731 641 1794 Bathel
661 1731 804 1819 habaima
824 1734 1004 1816 promissio-

57 1858 131 1900 nem
160 1837 198 1897 de
226 1834 424 1911 defensione,
452 1845 481 1898 at
510 1855 604 1918 qoam
633 1846 760 1916 paterne
790 1857 825 1898 ax
846 1837 953 1898 multis
974 1849 1004 1900 ot
1038 1837 1042 1857 '

56 1939 180 2024 maguis
206 1938 425 2000 tentationibus
454 1949 486 2000 ta
516 1936 700 2020 eripuerim,
728 1951 759 1999 et
778 1935 910 2000 fideliter
930 1958 1003 2021 pro·

56 2044 151 2107 missa
179 2041 333 2104 servarim.
374 2041 424 2104 Ad
452 2040 534 2103 hanc
561 2062 670 2103 vocem
690 2042 823 2126 respirat
843 2041 1003 2114 lacob,:at

58 2146 171 2229 recipit
197 2145 353 2220 animum,
381 2145 556 2229 vulnusque
583 2145 735 2208 inflictum
762 2128 875 2207 a²filiia
897 2142 1000 2206 subito

58 2261 201 2325 sanatur,
224 2247 298 2330 qnia
319 2247 447 2309 verbum
469 2248 530 2310 Dei
550 2248 683 2311 vivificat
703 2262 734 2311 et
753 2249 942 2312 consolatur.

136 2348 301 2411 Caeterum
314 2349 346 2410 in
364 2363 446 2411 textu
463 2372 526 2413 non
539 2355 728 2437 exprimitur,
747 2352 1000 2435 quomodoDeoa

55 2452 181 2514 locutus
202 2452 242 2512 ait
253 2466 333 2514 'cum
347 2451 464 2531 ¹iacob,
484 2468 589 2517 utrum
609 2475 670 2538 per.
687 2459 860 2534 nomnium,
882 2479 923 2519 au
943 2477 1001 2538 per

53 2553 248 2620 manifestam
267 2554 437 2630 visionem,
458 2578 496 2618 au
510 2578 589 2620 aero
611 2580 668 2641 par
687 2577 852 2642 personam
864 2556 1011 2640 prophe·¹

53 2657 153 2720 ticam.
203 2656 284 2718 Nam
306 2656 354 2717 his
381 2657 609 2745 tribusumo'dia
638 2665 717 2724 solat
736 2662 783 2725 nti
804 2661 898 2723 Deus.
938 2657 999 2722 Va·

52 2783 123 2824 rum
146 2781 182 2822 ao
203 2771 346 2842 tempore
374 2781 439 2823 noo
466 2761 565 2823 adfuit
582 2763 665 2826 ullus
694 2764 849 2847 Propheta
868 2775 922 2826 aut
942 2763 998 2826 Pa·
1065 2822 1069 2835 ,

52 2863 207 2940 triorche,
234 2864 307 2946 quia
330 2883 437 2924 omues
459 2877 546 2925 erant
566 2865 696 2941 mortui,
725 2866 785 2928 uisi
811 2867 891 2930 forta
911 2880 998 2952 pater·
1077 2926 1082 2943 ι

52 2965 137 3028 Isaac
165 2965 282 3026 miserit
311 2966 351 3027 ad
376 2965 469 3027 iacob
497 2962 596 3028 filium
625 2969 788 3047 nuntium,
809 2986 862 3034 aut
881 2973 997 3048 literas,

53 3066 379 3152 quibusjuaseriteum
392 3070 515 3149 reverti,
527 3084 556 3134 et
564 3074 748 3136 adscendere
756 3073 786 3132 in
796 3073 913 3134 Bathel.
935 3072 997 3136 sed
1048 3085 1052 3096 “

52 3191 182 3257 quoquo
202 3170 297 3231 modo
312 3169 346 3231 id
361 3166 540 3245 factumest,
555 3175 626 3234 eatis
644 3187 699 3248 eet,
716 3174 801 3255 qood
811 3174 994 3253 audirimus,

52 3275 156 3339 Deum
177 3275 317 3334 locutum
339 3291 421 3347 esan,
443 3273 495 3354 qui
517 3296 702 3359 quocunqne
726 3277 821 3338 modo
842 3277 995 3359 loquitor,

51 3391 170 3442 certum
192 3388 253 3453 eat,
277 3395 341 3437 essa
362 3375 397 3438 id
416 3374 544 3437 verbnm
564 3375 643 3454 Dei,
671 3376 731 3440 nisi
757 3381 843 3461 qnod
872 3399 905 3440 ea
925 3401 994 3462 per-

49 3477 177 3543 versitas
198 3491 244 3539 est
263 3477 413 3540 hnmanae
432 3478 577 3553 naturae,
597 3492 632 3543 ut
652 3502 715 3544 noa
735 3481 912 3559 credamus,
929 3504 993 3546 nos

49 3580 155 3647 andire
184 3580 312 3646 verbum
332 3580 411 3662 Dei,
437 3583 464 3646 ai
484 3583 611 3667 quanda
638 3605 695 3669 per
714 3572 871 3650 hominem
891 3585 993 3670 loqui-
