2236 4034
480 184 653 273 genesis.
811 170 845 225 '·
944 169 1062 254 eot-

166 336 293 399 Levitas
314 336 533 405 etsssardotes
552 338 586 401 in
606 338 677 420 laga
687 332 773 397 Mori
792 345 911 418 partem
932 302 962 398 et
971 335 1042 424 itae

86 441 251 505 raditatem
269 434 344 503 eum
366 440 461 502 israel
483 464 548 504 non
569 441 740 512 habebant,
761 449 792 498 st
812 437 890 498 nihil
912 440 1041 522 aecipie-
1111 520 1114 529 y

87 543 161 605 baut
189 542 229 604 de
258 536 456 634 possessione
485 538 613 607 fratrum
639 558 777 604 suorum.
808 592 813 605 .
829 541 930 627 „Ego
960 542 1043 604 enim

87 665 162 727 pars
184 654 217 703 et
234 643 408 706 baereditas
429 659 480 708 tua
502 646 533 707 in
554 644 659 708 medio
680 643 816 706 filiorum
838 641 974 719 israele,
986 645 1043 705 in-

87 745 154 829 quit
189 746 343 807 Dominus
373 742 679 823 (Νιιι.18,90)
715 747 777 810 Sed
805 747 881 830 quid
909 748 1043 810 habebat

89 847 266 925 Dominus,
287 863 339 909 aut
360 851 523 932 quomodo
545 861 609 912 erat
629 846 735 933 portio
756 846 925 929 ipsorum?
947 849 1043 926 Vota,
1057 830 1062 845 ι

89 949 256 1025 sacrificia,
277 951 421 1014 decimas.
463 952 540 1027 ista,
561 953 677 1034 inquit,
699 950 744 1011 do
762 951 862 1027 vobio,
884 964 919 1014 ut
939 957 995 1013 vos
1013 962 1044 1016 et

86 1063 221 1112 vestram
244 1049 394 1115 familiam
416 1065 587 1115 sustentare
609 1066 639 1115 et
659 1053 743 1117 alere
764 1052 894 1136 queatis
915 1066 951 1116 ut
970 1076 1043 1137 pos·

89 1152 154 1215 sitis
185 1174 301 1216 vacare
331 1176 404 1217 meo
433 1156 623 1229 ministerio
652 1156 764 1218 dooere
794 1169 826 1218 et
847 1138 984 1233 (iiseere,
1011 1173 1043 1222 et

89 1279 276 1320 conservare
297 1279 400 1320 meum
419 1254 558 1319 verbum.
600 1256 691 1318 Nihil
715 1257 815 1338 igitur
839 1245 1044 1362 possidebant

89 1382 146 1423 neo
174 1358 333 1430 habebant
361 1373 481 1446 partem
507 1359 588 1421 inter
617 1356 699 1419 filios
729 1354 831 1422 lsrael
856 1352 1041 1435 sacerdotes.

88 1462 179 1523 Nihil
199 1462 388 1524 habebant
377 1462 457 1546 ipsi,
488 1462 577 1546 quod
596 1461 723 1524 ederent
744 1484 781 1535 ex
800 1464 864 1525 suis
885 1466 971 1552 agris
991 1476 1044 1530 alit

91 1564 358 1649 possessionibus.
379 1563 433 1627 sed
454 1563 585 1625 edebant
605 1584 677 1625 oum
697 1565 784 1639 Deo,
796 1565 891 1628 asson
912 1570 968 1632 mit
987 1582 1044 1633 uo-

94 1682 194 1732 serem
213 1668 375 1749 Herrgott,
396 1667 435 1728 de
456 1666 583 1729 decimis
604 1664 671 1726 Dei.
693 1666 736 1729 Et
756 1667 811 1729 hae
827 1678 985 1733 vocantur
998 1670 1046 1735 di-

90 1772 160 1833 vina
182 1770 300 1834 oblatio
320 1783 351 1832 ot
366 1770 469 1832 divina
489 1781 572 1843 vota,
592 1768 639 1829 ais
660 1788 767 1829 means
788 1792 883 1832 unser
895 1748 1046 1856 Herrgott

92 1872 189 1936 sethar
208 1872 285 1935 sottt
306 1892 410 1947 essen,
436 1872 502 1935 aad
524 1879 608 1934 mfist
633 1886 721 1934 ronst
742 1873 840 1935 Hune
819 1895 890 1960 gers
912 1876 1044 1939 sterben.

174 1973 208 2038 Si
229 1974 629 2059 quid.igiturscholastieis
650 1974 785 2051 confers,
807 1976 908 2039 Deo
896 1979 959 2061 1psi
972 1982 1045 2042 ebn-

91 2078 210 2153 tulisti,
238 2098 275 2140 so
295 2077 392 2152 roias,
420 2077 488 2138 Deo
510 2078 723 2164 gratissimum
743 2078 863 2140 cultum
884 2092 914 2141 et
935 2079 1047 2143 sacrifl-

93 2180 177 2243 eium
197 2190 229 2241 te
247 2180 456 2263 praestitisse,
477 2193 622 2242 ornatum
643 2176 810 2265 magnifico
832 2180 893 2244 hoo
913 2196 1055 2277 cesum-l

92 2303 146 2347 mo
168 2280 272 2356 titulo,
292 2292 328 2343 ot
348 2282 467 2344 dicatur
488 2296 595 2347 votum
617 2282 685 2344 Dei.
725 2281 788 2345 ssd
809 2284 887 2349 haeo
905 2287 961 2369 qui
981 2296 1046 2350 ore'-

96 2386 143 2448 dit
169 2382 202 2447 et
226 2395 383 2467 praestat,
410 2388 505 2462 sciat,
540 2385 699 2469 singulare
728 2385 847 2455 donum
873 2387 934 2451 Dei
963 2390 1047 2466 esso'3

96 2482 231 2550 mandas
252 2484 335 2548 enim
363 2507 429 2549 non
458 2500 554 2551 curat.
595 2475 740 2570 ideoque*
753 2490 857 2552 Toros
887 2491 989 2568 venit,
1017 2500 1048 2556 st

95 2592 176 2677 repit
195 2611 252 2667 ea,
273 2612 355 2675 quaa
376 2590 586 2666 corrodimus,
617 2602 647 2652 et
666 2590 732 2652 illis
744 2637 765 2671 ,Ι
782 2592 895 2674 quibus
915 2594 1048 2658 debebo·

94 2719 182 2773 mus,
210 2695 364 2779 praebere
385 2692 584 2779 denegamus.
626 2692 705 2767 Vati
732 2693 817 2756 enim
837 2693 924 2757 Deus
944 2696 1048 2765 nobia-

95 2820 166 2862 eum
186 2798 298 2871 edera,
324 2808 381 2859 aut
400 2795 481 2858 nihil
501 2817 609 2858 eorum
629 2794 823 2879 relinquere,
845 2818 924 2880 quse
946 2797 1048 2881 possi·

97 2903 215 2964 damus.
258 2900 309 2960 An
334 2918 401 2960 non
428 2910 529 2960 autem
558 2896 723 2982 magnilica
743 2913 777 2962 et
795 2882 941 2960 omnibiss
961 2920 1049 2984 expe·

96 3004 189 3067 unda
210 3002 396 3087 gloriaest,
424 3003 513 3086 qaod
526 3001 640 3064 Deum·
657 3002 761 3083 ipsam
782 3004 833 3065 alo
855 3018 885 3065 et
906 3004 993 3081 cibo,
1022 3006 1049 3067 si

97 3107 224 3190 quando
245 3104 409 3166 doctorem
438 3116 491 3166 aut
524 3104 718 3188 discipulum
746 3104 823 3169 alo?
863 3106 944 3167 Tum
967 3106 1052 3171 enim

90 3211 150 3273 'das
184 3210 322 3273 deotmar
346 3230 406 3290 pro
436 3210 530 3272 domo
547 3204 638 3286 'Dei‚
676 3230 757 3294 quae
785 3207 849 3269 sine
876 3209 990 3270 sobolis
1017 3224 1048 3271 st

97 3312 301 3384 scholasticis
317 3315 489 3374 conservari
511 3332 575 3373 non
596 3322 707 3394 potest
748 3312 838 3376 Siout
858 3311 949 3374 Iacob
969 3313 1048 3376 vidit
1076 3328 1079 3333 '

96 3418 128 3481 in
147 3418 241 3482 hoo
231 3418 342 3480 itinera
361 3413 442 3478 filios
464 3414 536 3477 Sem
562 3413 734 3477 habitantes
755 3415 795 3476 ad
816 3427 955 3476 montem
976 3415 1048 3479 Mo·

96 3522 170 3607 rije,
202 3521 259 3607 qui
288 3520 464 3582 habueram
493 3516 590 3593 fflioe‚
618 3516 718 3595 filias,
746 3528 891 3600 nepotas,
921 3530 1047 3601 neptes,

90 3626 215 3704 amem,
237 3622 653 3709 mamma-pauperculas
672 3634 703 3687 at
722 3621 840 3707 inopes.
861 3618 944 3686 Gom
964 3621 1049 3693 enin
