2236 4034
92 181 154 254 Μ
233 142 235 147 ¹
288 172 535 263 vigesimum
556 190 705 243 nouum
726 187 848 259 ceput

92 329 216 421 nuptiua
244 349 315 391 cum
334 324 400 388 Len
423 332 456 387 et
473 322 593 389 nehela
619 336 755 411 qustum
779 324 869 391 tilica
897 325 1035 411 genuerit

92 465 129 507 ex
156 444 312 502 contemtu
337 427 394 489 itlr
422 439 451 488 et
465 427 620 514 neglecta
648 427 721 492 Lea.
783 431 859 515 Qun
897 430 1034 511 exemplu

51 540 58 548 “
91 539 228 608 catendit
248 535 350 608 Deus,
371 550 403 592 ae
424 550 490 593 eece
509 530 694 614 propitium,
715 546 745 597 et
763 532 921 596 ferentem
942 531 1036 594 humi·

43 654 46 661 '
90 648 193 719 libus,
213 635 346 712 afflictia,
367 633 513 715 abjectis,
533 647 569 697 ut
589 654 656 697 non
677 635 824 712 hebetur,
847 633 950 719 ,quod
971 655 1035 717 qne·

88 758 212 817 rantur,
233 740 342 802 omnes
363 734 420 819 qui
439 735 582 798 laborent
601 747 632 799 et
651 739 880 814 eucraticum,
900 758 1035 821 praecer-

87 829 143 916 cim
163 849 191 911 si
210 841 337 909 credunt
354 838 389 901 in
408 837 529 913 Deum,
559 851 588 902 ct
608 860 674 904 unu
694 841 855 905 vincuntur
875 840 1034 924 imperim

87 959 129 1022 fin
148 966 179 1029 gt
197 942 421 1033 indignatione.
460 941 564 1005 Multo
586 943 670 1017 enim
690 943 786 1007 satius
814 955 881 1020 est,
911 962 980 1005 caea
997 941 1032 1007 ri

34 1112 36 1119 .
86 1061 205 1124 flictum
225 1066 255 1117 ct
273 1059 413 1114 vexatum
432 1043 554 1108 ridente
574 1058 604 1115 et
623 1045 740 1111 ferente
762 1049 840 1121 Deo,
864 1064 964 1130 qnam
979 1044 1031 1108 scr·

85 1175 227 1227 tuuatum
247 1155 315 1219 Deo
335 1150 492 1212 irascente.
535 1147 622 1233 Quid
642 1149 727 1212 cuim
747 1161 792 1214 cst
804 1150 948 1212 mundus
967 1171 1030 1213 cum

84 1286 142 1331 tun
162 1262 285 1332 furore,
304 1249 419 1343 gaudio
439 1260 470 1311 ct
491 1250 703 1334 vuluptatibus
722 1251 786 1316 auis
807 1249 848 1314 ad
879 1251 976 1315 illum
993 1249 1029 1315 fs·

84 1378 203 1430 rentem
231 1371 263 1423 et
289 1355 465 1440 benignum
495 1350 554 1415 Dei
585 1367 777 1438 respectum,
813 1375 880 1440 quc
910 1355 1029 1439 respicit

83 1458 346 1534 narseumilest
373 1456 439 1520 Sed
459 1476 531 1520 cero
553 1464 616 1522 neu
638 1459 712 1522 sinit
731 1459 808 1522 haec
829 1458 972 1543 intelligi
982 1469 1027 1521 rut

82 1570 168 1641 credi
195 1588 215 1631 e
241 1561 350 1627 nobitt
380 1561 457 1646 quin
489 1562 622 1626 subinde
650 1562 870 1626 obmurmurat
903 1575 1027 1648 prepter

81 1668 254 1758 praetentis
274 1664 368 1739 mula,
389 1675 421 1727 et
441 1675 574 1731 conatur
593 1662 713 1728 enimus
733 1668 941 1747 perturbatos
961 1667 1026 1749 deji·

80 1794 151 1839 cere
171 1771 210 1834 de
230 1767 292 1831 fids
311 1776 341 1828 et
361 1765 595 1841 consulatione,
624 1778 655 1829 et
683 1767 722 1828 ud
749 1769 1024 1834 murmurationem

79 1894 117 1938 cc
135 1868 294 1937 tremitum
315 1865 461 1929 sdveraua
483 1865 596 1928 Deum
613 1868 785 1952 impellere.
828 1870 914 1956 Quia
941 1873 1023 1936 valde

77 1974 229 2061 frangunt
248 1981 280 2037 ct
307 1968 482 2052 percellunt
512 1964 723 2033 infirmitatem
753 1986 897 2039 uestram
925 1986 1024 2041 totct

76 2091 139 2144 tam
158 2075 261 2139 seriae
281 2069 490 2135 adversitates.
727 2061 729 2069 ’

114 2234 118 2239 .
154 2177 286 2244 Utinam
305 2194 380 2238 vern
400 2196 564 2258 possemus
584 2174 704 2239 discere
731 2185 762 2237 ct
782 2174 970 2247 adsuescere
987 2179 1022 2244 ai

74 2304 214 2371 pugnam
241 2279 329 2342 illam
358 2291 467 2342 contre
493 2301 639 2356 curnem,
668 2302 760 2364 quum
783 2277 904 2340 Psulua
925 2279 1020 2343 dccet.

74 2385 213 2452 sienim
233 2401 298 2448 uon
320 2380 422 2443 omniu
448 2379 492 2443 ita
512 2381 619 2444 liceret
640 2380 875 2465 apprehendere
897 2393 931 2444 et
950 2381 1019 2445 fuce-

72 2511 124 2567 re,
146 2508 225 2574 quae
246 2482 384 2569 Spiritus
405 2482 489 2544 vult:
510 2496 613 2546 tumen
633 2483 668 2546 id
687 2480 888 2559 sentiremus,
922 2483 1018 2549 Deum

71 2612 138 2655 nnn
157 2588 237 2655 cella
257 2607 317 2649 uns
336 2586 535 2672 relinquere,
563 2606 621 2648 nec
649 2585 822 2650 sineremus
851 2606 914 2648 uos
942 2584 1017 2651 vinci

70 2716 107 2760 ac
125 2690 267 2777 aupcrcri
287 2712 305 2754 u
326 2709 425 2754 cerna.
464 2688 538 2772 Ego
558 2708 631 2751 saue
651 2687 784 2751 libenter
811 2688 927 2752 vellem
947 2711 1016 2776 gau·

69 2797 162 2872 ciera,
182 2790 332 2880 gloriari,
358 2788 551 2872 triumphare
572 2810 643 2852 cnm
664 2788 764 2854 Puulo
783 2791 817 2852 in
837 2805 960 2871 morte,
985 2793 1015 2855 in

23 2932 25 2939 ·
68 2900 161 2965 'cruce
180 2908 211 2960 et
229 2892 444 2979 passionibuac
466 2892 521 2954 sed
541 2890 669 2973 spiritua
688 2904 832 2976 promtus
854 2907 918 2971 est,
944 2912 1012 2958 carc

1 3011 2 3014 ’
66 3013 168 3067 entem
198 2995 330 3061 infirme.
372 2995 508 3059 Sufficiat
534 2994 632 3080 igitur
664 3007 695 3057 et
726 2996 913 3061 consoletur
942 3018 1012 3075 noc,

3 3134 11 3147 ’
66 3102 153 3189 qued
172 3101 263 3165 Dena-
283 3098 435 3183 ignotcit,
462 3108 494 3161 et
514 3095 649 3180 Spiritus
675 3110 796 3161 unctus
822 3100 953 3183 adjurat
971 3101 1011 3163 in·

63 3202 239 3269 firmitatem
259 3212 417 3274 uestrum,
437 3210 474 3260 ut
494 3198 622 3281 spiritua
643 3200 815 3284 triumphet
835 3217 952 3268 neutra
969 3224 1010 3270 ra¹

61 3308 177 3373 buttem
197 3325 337 3378 carnem,
357 3321 397 3364 ne
416 3298 547 3362 declinet
566 3299 599 3360 iu
619 3301 797 3366 ulterutram
818 3320 953 3394 purtem,
973 3306 1015 3370 ri·-

51 3432 99 3478 -ve
119 3410 161 3474 ad
180 3405 391 3480 securitatem,
420 3402 484 3466 sive
513 3401 552 3463 sd
577 3402 823 3487 desperationem
855 3420 886 3470 at
915 3409 1007 3493 impr·

59 3509 207 3574 ticuficm.
247 3505 331 3569 Hsec
350 3520 396 3570 est
415 3505 520 3592 glorie
538 3517 656 3581 nostre,
677 3507 784 3570 divina
805 3510 1006 3593 ignoscentia,

53 3630 136 3694 quse
152 3620 263 3696 portet
281 3608 440 3696 imputtrc
459 3607 552 3672 uubis
575 3607 727 3672 melitium
747 3609 849 3677 caruis
870 3618 1024 3690 nesure·
