2236 4034
217 214 220 221 ·
287 198 335 241 ,¹
401 182 584 269 genesis.
956 196 980 263 9

60 336 192 403 nimirum
218 335 261 399 ut
280 355 313 397 ee
344 345 376 397 et
395 353 484 398 susm
506 328 686 399 doctrinam
706 336 893 418 perticulam
914 362 978 428 ego

60 442 194 517 tierent),
213 439 260 502 ibi
279 451 323 500 tu.
364 436 470 499 Mater
497 456 573 500 vero
594 436 671 499 nibil
691 441 889 519 movebatur,
921 446 979 509 ted

60 545 171 607 uuebst
191 538 496 605 constantissimis
516 558 575 600 suo
596 557 706 615 tensa,
732 554 761 603 ¹et
781 543 978 629 Augustinus

60 658 155 720 untur,
185 666 219 707 se
238 644 329 707 valde
347 643 404 706 ills
431 643 731 706 constantianatris
756 658 878 708 motum
899 666 978 727 etse,

60 768 94 809 no
114 745 238 809 fscilins
257 748 292 809 in
311 732 492 811 seutentiim
514 745 625 807 matris
642 744 797 809 transiret.
822 762 827 773 '
940 732 945 737 ¹

106 849 200 913 Tales
220 849 437 913 contentiones
456 849 587 912 usitatae
608 844 694 923 sunt,
709 868 782 910 oum
801 847 885 910 inter
903 870 977 912 oon-

60 972 128 1036 tgea,
147 963 219 1031 turn
237 950 319 1015 inter
338 953 466 1028 smioos,
486 963 523 1013 ut
541 952 621 1013 iuter
640 948 853 1033 Pomponium
874 951 978 1027 etot·

60 1072 187 1129 etonem,
208 1065 241 1116 st
260 1053 312 1116 hio
330 1053 411 1117 inter
425 1054 509 1117 isaeo
528 1051 760 1116 etllebeoosme
781 1058 839 1116 neo
857 1065 978 1118 tentum

60 1157 239 1219 esententia
266 1157 385 1221 urenti
411 1157 628 1240 dispumant,
655 1153 711 1218 sed
739 1155 829 1217 etiam
850 1155 979 1243 ingenis

60 1271 181 1321 totores
202 1257 364 1345 utriusqus
386 1259 552 1344 diligenter
572 1258 782 1319 contulerunt.
824 1257 898 1322 Mea
918 1258 980 1321 lle·

60 1382 134 1435 ecoe,
155 1360 234 1423 dixit
253 1360 345 1440 issac,
365 1363 460 1440 videt,
481 1358 575 1425 laoob
596 1380 662 1422 esse
680 1360 853 1445 simplicem
869 1374 899 1423 et
916 1363 980 1425 sni-

60 1486 85 1528 ro
96 1464 234 1548 objecto,
254 1485 320 1527 nou
334 1487 445 1529 curere
456 1484 513 1531 neo
524 1487 668 1548 reguum,
688 1484 747 1529 uec
762 1468 979 1531 secerdotium.

60 1566 113 1628 luo
132 1567 219 1649 gerit
238 1588 358 1644 eroum,
378 1567 513 1654 segittss,
534 1562 677 1655 glsiiium
686 1590 698 1644 3·
717 1566 746 1629 is
767 1568 806 1631 ad
828 1571 981 1656 guberna·
1006 1572 1009 1577 ’

60 1672 144 1755 bnsm
165 1669 229 1732 erit
249 1669 387 1732 alacrior
405 1671 614 1754 etpromtior.
635 1667 723 1733 stunt
738 1671 874 1737 solentne
887 1674 980 1738 nobis

60 1766 108 1837 ene
126 1774 166 1836 de
184 1772 227 1834 iis
247 1772 410 1857 polliceri,
431 1793 510 1857 quos
530 1772 673 1833 videmus
693 1771 733 1836 ad
751 1795 802 1863 res
823 1778 980 1862 gerendus

60 1878 123 1941 tulo
148 1878 293 1940 acriores
326 1887 358 1941 et
386 1874 578 1938 excitatiores
606 1876 684 1940 aliis.
726 1875 850 1942 Deinde
876 1878 982 1942 heeret

60 1981 198 2044 ilitersli
220 2003 314 2045 sensu
335 1979 464 2055 oraculi,
478 1977 617 2061 perinde
637 1990 674 2041 ut
690 1977 795 2043 ludaei
815 1982 847 2043 in
861 1984 982 2046 carnali

60 2086 184 2148 tellectu
208 2084 404 2167 seripturae3
432 2081 544 2144 borum
564 2080 647 2144 enirn
667 2081 753 2144 lsaao
773 2083 854 2169 gerit
871 2086 983 2171 imagi-

60 2210 101 2249 em
121 2188 299 2250 caecutiens
320 2199 351 2251 et
371 2202 469 2249 senex.
492 2184 611 2249 Contra
627 2184 823 2248 esnotiesima
840 2200 983 2251 matrona

60 2288 146 2353 leuse
167 2289 337 2351 acerbitate
357 2307 489 2350 uxorum
498 2286 586 2349 Etsu
607 2301 638 2351 et
657 2286 716 2351 lilii
737 2286 892 2370 superbie,
911 2287 984 2349 illu-

60 2406 156 2454 uente
167 2392 295 2476 Spiritu
321 2402 445 2481 canno,
465 2386 549 2452 foret
568 2388 678 2465 iacob,
709 2401 740 2452 et
761 2390 835 2454 (licit
854 2393 986 2461 maritos,

60 2494 118 2557 lesu
142 2494 332 2577 neutiqosnu
360 2491 482 2553 iuturus
508 2503 555 2551 eet
581 2490 739 2554 dominus.
780 2493 888 2557 Mores
916 2497 984 2576 ejus

60 2598 112 2659 rili
129 2596 315 2679 displicent,
334 2607 372 2658 nt
390 2593 523 2657 nonme
543 2593 584 2658 sd
604 2595 863 2682 gubernationem
885 2596 985 2660 ridea-

60 2710 88 2760 'rr
103 2698 250 2760 idoneus.
272 2699 363 2762 laoob
385 2697 525 2760 humiliat
545 2719 621 2774 sese,
642 2700 758 2774 obedit,
779 2711 810 2761 et
825 2699 987 2763 conculct-

60 2818 123 2861 rra
151 2799 257 2863 fratre.
301 2799 374 2863 ideo
401 2798 544 2864 nonduin
574 2812 622 2862 est
648 2799 780 2883 impleta
806 2790 987 2882 promissio,

60 2902 111 2965 uie
129 2902 268 2964 humiles
288 2901 473 2979 exciuntur,
492 2914 522 2964 et
542 2900 669 2984 superbi
688 2900 901 2963 humilientur.
926 2902 988 2966 Hie

60 2998 195 3072 nim'ett
224 3024 325 3066 canon
352 3005 524 3089 scripturae
551 3024 658 3068 sacras
683 3000 879 3078 infallibilis,
909 3001 988 3067 sicot

60 3107 146 3169 'oros
167 3100 264 3169 dicit:
292 3106 405 3183 „Deus
426 3108 571 3192 superbis
590 3107 721 3184 resistit,
742 3104 915 3169 humilibus
935 3126 989 3170 au-

60 3228 100 3271 tnt
120 3208 175 3270 dat
196 3208 358 3293 gralism“
381 3216 414 3283 (1
426 3210 509 3274 Pctr.
532 3216 570 3286 5,
591 3216 648 3284 5.).

114 3311 198 3375 Cum
220 3311 321 3397 igitur
340 3311 562 3376 administratio
584 3310 645 3373 Dei
664 3306 870 3392 respoudeat,
895 3321 990 3397 urget

60 3412 180 3478 lebscos
201 3414 287 3478 buno
307 3432 478 3479 canonem:
500 3411 680 3497 QuiaEesu
701 3412 803 3487 sentit,
823 3433 857 3475 se
877 3413 940 3474 coli
959 3426 990 3476 et

60 3514 145 3602 segni
163 3513 232 3577 fieri
253 3538 272 3578 s
291 3530 392 3601 patre,
413 3539 449 3582 ao
468 3529 634 3601 propterea
650 3513 792 3602 superbit
813 3524 843 3576 et
862 3511 992 3578 inflatur

60 3642 110 3686 ura
129 3620 304 3705 populati,
333 3621 406 3687 ideo
435 3619 662 3685 humiliabitur.
703 3616 748 3687 Et
767 3615 854 3685 Deus
882 3630 994 3713 postet
