2236 4034
425 322 626 411 genecio.¹
702 368 704 373 «
876 288 896 310 '⁵
915 317 979 383 ’301
1011 418 1018 438 Ι

62 462 226 560 ispaniae.
270 469 432 534 Caeterum
454 474 578 557 quando
599 470 693 536 camel
710 468 863 533 aberravit
876 469 984 530 huma·

62 599 75 638 a
102 580 188 641 mana
209 598 226 638 a
247 597 320 638 vero
342 590 371 638 et
391 595 456 636 uno
477 560 564 651 Deo,
594 592 716 636 neceeae
742 585 788 634 eat
807 571 985 656 aequiinli-

62 681 138 744 itam
160 678 389 741 multitudinem
410 689 441 738 et
461 677 671 742 confusionem
693 658 831 740 deorum.
862 677 983 756 Qniae·
1019 734 1028 764 a

62 788 104 848 rel
126 784 293 848 deseruerit
323 781 441 856 Deum,
455 782 551 843 huno
580 782 774 864 impossihile
796 791 841 842 aet
861 803 983 844 manare

62 916 65 946 ι
94 890 198 970 aliqua
218 902 298 950 certa
321 887 496 958 divinitate,
518 883 578 946 hoc
600 897 659 959 eat,
686 884 721 946 in
749 906 809 945 una
829 884 985 969 religione

62 1004 199 1055 atcerte
222 992 307 1055 cultu
330 988 402 1048 Deir
433 986 563 1068 perinde
588 999 624 1049 ut
644 1008 702 1069 per
727 986 984 1075 incredulitatem,
1022 1014 1024 1018 ·
1088 1016 1093 1034 ι

64 1117 105 1157 ve
134 1093 227 1157 fidem
255 1093 397 1156 amineam
431 1087 551 1151 infinita
578 1103 623 1152 eat
649 1104 849 1174 peccatorum
867 1117 985 1162 conae-

62 1197 178 1259 uentia.
770 1265 773 1275 ff

121 1300 190 1363 Hoc
212 1297 313 1359 videre
334 1307 378 1356 eet
398 1293 432 1355 iu
454 1291 599 1355 omnihus
620 1291 769 1355 hiatotiia.
821 1296 915 1361 laralil
936 1300 986 1362 de·

63 1403 146 1464 ciana
166 1425 184 1462 a
207 1400 272 1460 Deo
295 1396 371 1458 colit
391 1395 479 1469 Baal‚
502 1393 625 1468 Camoe,
648 1396 791 1458 Astaroth
811 1411 868 1462 ete.
899 1402 986 1463 Poet-

62 1527 138 1586 uam
160 1499 326 1564 defecimus
347 1522 404 1562 noe
426 1523 444 1562 a
471 1498 612 1574 Christo,
645 1497 732 1560 Filio
753 1501 813 1561 Dei
833 1502 985 1567 salvatore

66 1622 171 1680 natio,
192 1616 407 1666 successerunt
427 1600 618 1675 Dominicua,
639 1599 833 1680 Franciacua‚
851 1607 986 1670 Vincen-

62 1711 122 1787 ius,
141 1706 400 1788 christophorus,
414 1703 515 1765 Clare
537 1717 593 1765 etc.
615 1715 645 1764 et
665 1703 820 1768 innumeri
841 1709 894 1771 alii
910 1713 986 1774 nori

62 1815 162 1886 ultae,
194 1829 273 1892 quoe
304 1807 443 1891 quotidie
471 1806 757 1868 comminiscebatur
778 1810 986 1878 sacrificorum

62 1929 75 1977 t
95 1913 325 1977 Monaehorum
344 1911 456 1993 vulgua
478 1908 543 1968 aine
565 1907 622 1968 line
645 1921 673 1969 et
694 1911 805 1973 modo:
828 1915 986 1996 quianon

66 2027 167 2089 oterat
186 2014 252 2075 ulla
272 2015 389 2076 ratione
411 2010 547 2073 satisfieri
568 2012 726 2092 cupiditati
743 2014 902 2079 humanae.
929 2019 988 2083 lta·
1083 2057 1087 2061 -

62 2143 105 2181 'ue
127 2121 168 2180 ab
189 2118 304 2179 unitate
326 2117 385 2179 Dei
407 2115 565 2180 deflectere
594 2127 638 2175 eet
663 2113 806 2200 immergi
832 2118 869 2179 in
885 2123 986 2185 multi·

62 2224 185 2285 udinem
207 2223 335 2282 dearum
357 2219 545 2301 ignotorum.
587 2217 629 2278 Et
650 2218 691 2278 ob
707 2218 788 2281 hana
801 2242 986 2289 causamve·

62 2327 135 2386 ebat
154 2323 245 2417 Iacob
267 2322 341 2383 deca
363 2321 469 2394 alieni,
491 2321 551 2384 hoc
572 2338 633 2396 eat,
653 2322 754 2404 ignoti
776 2337 810 2384 et‘
826 2328 910 2389 atulti
923 2331 986 2392 oul-
1032 2334 1040 2351 ⁸

62 2449 114 2503 aa,
137 2426 190 2509 qni
211 2438 312 2484 tamen
333 2425 495 2486 videbatur
522 2423 753 2505 cognitieainina
774 2440 807 2503 et¹
834 2431 990 2494 sanctiani·
1090 2420 1095 2427 ⁴

62 2553 126 2590 nus.
169 2526 349 2588 Referamua
369 2525 467 2608 igitur
486 2540 604 2586 mentea
626 2539 745 2589 nostrae
764 2542 794 2590 et
809 2532 913 2593 omnia
926 2523 988 2597 alu-
1089 2556 1097 2579 ¹

65 2633 97 2691 ia
120 2630 158 2691 ad
179 2651 275 2690 unum
297 2628 415 2704 Deum,
438 2630 491 2711 qui
512 2630 557 2689 es't
578 2629 688 2703 Pater,
717 2631 817 2694 Filius
840 2647 870 2696 et
891 2635 989 2720 Spiri.

62 2756 96 2796 aa
118 2744 249 2805 sanctur,
271 2742 301 2790 et
321 2752 496 2793 maneamne
517 2733 547 2792 in
564 2733 729 2808 mediatore
747 2733 882 2799 Christo.
895 2738 988 2815 ,Haec

65 2839 148 2899 rima
169 2853 239 2918 para
259 2845 307 2893 eat
326 2832 562 2896 reformationis.

127 2935 231 2999 ludaei
253 2936 328 2997 dece
351 2936 468 2996 alienos
490 2936 540 2999 hic
558 2934 740 3016 intelligunt
762 2947 893 3014 statuae,
922 2940 987 3002 aire

62 3041 197 3125 maginae
225 3032 402 3114 idolorum,
438 3037 551 3121 quibua
586 3037 646 3118 ipai
673 3038 801 3120 quidem
832 3059 986 3125 perpetuo

62 3146 262 3218 bandarum,
284 3157 314 3204 et
335 3153 381 3202 tot
402 3141 484 3203 Deoa
507 3138 691 3214 habuerunt,
720 3156 798 3224 quot
819 3159 890 3207 aunt
911 3148 989 3210 Dae·

62 3269 154 3310 norrea
183 3248 215 3307 in
242 3244 386 3318 inferno,
428 3243 690 3326 quamadmodum
717 3259 747 3305 et
782 3246 841 3321 auh
869 3247 988 3330 Papatu

62 3352 188 3414 idimua.
230 3350 322 3411 lacoh
352 3360 454 3407 autem
483 3365 545 3407 non
566 3345 712 3427 intelligit
741 3361 860 3409 tautum
881 3352 988 3438 imagi·
1091 3417 1096 3428 „

62 3477 105 3518 rea
126 3475 233 3517 aureae
254 3468 284 3516 et
304 3461 478 3533 argenteae,
511 3449 563 3511 aad
584 3450 725 3510 accidene
752 3449 816 3519 aive
843 3449 987 3516 affectum
1075 3506 1085 3518 .

62 3559 160 3632 llum,
181 3555 235 3639 qui
255 3568 301 3617 eat
321 3565 468 3632 tanquam
489 3564 582 3632 caput
601 3553 634 3612 iu
656 3561 802 3636 argentea
817 3564 875 3613 ¹ant
895 3575 988 3617 aurea

64 3672 166 3734 tatur,⁴
177 3657 326 3722 'videlicet
346 3655 568 3719 adorationem.
607 3653 738 3739 Alioqui
764 3654 861 3716 enim·
875 3655 911 3716 in
923 3671 989 3719 ‘ata-

62 3783 101 3826 ua
119 3760 197 3824 nihil
217 3760 341 3844 peccati
357 3771 430 3836 eat,·
450 3756 505 3823 aad
522 3746 660 3841 ffpoaaum
681 3776 717 3821 aa
736 3755 818 3834 uti,=.
830 3755 992 3839 cicutssae
