2236 4034
20 156 23 161 ⁵
83 155 184 248 238
311 133 558 264 vigesimum
579 192 728 275 n'onnm
749 188 871 258 ceput

187 325 245 415 Et
271 326 406 412 Spiritus
436 337 559 390 ennotue
590 324 748 395 hocloco
777 322 882 403 docet}
913 345 979 389 noo
999 319 1065 390 ecee

122 386 297 497 damnatam
317 453 341 493 n
356 431 455 494 Deo'
445 445 534 492 ratam
555 428 743 491 electionem.
765 426 1065 496 Commendntenim

19 580 24 585 -
121 559 210 613 eam,
239 535 287 598 vel
314 535 421 619 potino
447 536 592 628 indulget
617 535 692 597 hnic
720 534 914 612 annotieaimo
935 534 1067 599 Patriae·

122 642 214 717 eltae,
226 652 263 701 nt
283 641 457 722 juveniliter
477 653 556 702 emet
577 639 742 701 formosam
763 639 874 722 magio,
899 663 994 724 quam
1017 642 1067 706 de-

121 742 270 815 formem:
293 764 327 804 er
348 745 452 806 ineante
474 744 655 828 genehehen.
680 742 759 826 Quin
781 743 965 829 conjuginm
988 748 1067 829 ejna·

120 849 206 911 nodi
226 847 304 910 vitae
332 869 431 934 genna
453 861 513 920 ιιι,
544 847 631 930 qnod
660 838 754 930 opna¹
770 845 861 908 hebet
886 850 1067 913 remissione

119 963 317 1036 peccatorum
345 964 377 1013 et
402 951 597 1036 indulgentie
627 951 704 1029 Dei,
733 966 769 1016 ut
790 952 876 1016 Deno
904 955 1067 1019 connivent

119 1077 185 1119 ιιοιι
205 1051 307 1118 ιοΙιιιιι
328 1055 367 1119 ad
386 1055 545 1117 libidinem
565 1054 665 1131 illam,
686 1054 782 1119 modo
803 1058 841 1119 ιίι
856 1049 998 1147 legitima
1012 1081 1068 1143 per

104 1159 324 1245 conjuginm,
352 1153 406 1222 aed
426 1157 518 1220 etiam
540 1159 586 1220 nd
602 1173 702 1221 errata
724 1170 754 1221 ιι
763 1150 959 1224 offensionea
980 1161 1065 1224 iami-

76 1267 199 1344 liae,
218 1267 408 1337 liberorum,
429 1262 614 1345 conjngnin,
644 1284 721 1347 quoe
750 1264 852 1326 colent
872 1265 1065 1328 inciderem

51 1399 52 1403 ’
120 1368 316 1437 oeconomia
362 1363 449 1428 Siout
477 1363 560 1449 enim
587 1367 729 1448 politiam
758 1381 788 1429 et
816 1369 979 1431 eccleciam
1009 1371 1065 1432 enh

119 1474 298 1539 remissione
331 1483 530 1554 peccatorum
551 1491 616 1532 eoae
637 1485 842 1550 occentent,
871 1472 915 1535 i'ta
942 1487 975 1537 et
995 1496 1066 1538 con-

81 1628 83 1635 ,
119 1566 233 1666 jugum
245 1575 306 1638 vin
328 1588 373 1638 eet
394 1573 657 1658 anbindnlgentia
671 1574 730 1637 Dei
750 1589 780 1639 et
800 1577 983 1641 remissione
998 1600 1065 1661 peo-

46 1720 49 1724 ·
122 1685 271 1746 centnm.
320 1677 394 1741 Non
425 1678 500 1740 vnlt‘
517 1676 655 1739 damnari
677 1677 761 1741 Deua
788 1680 966 1767 conjugalia
994 1680 1064 1758 illa,

121 1786 208 1872 qnod
228 1781 356 1858 maritos
368 1779 478 1866 deligit
498 1792 528 1842 et
542 1792 625 1844 amat
633 1801 762 1843 uxorem
779 1778 958 1859 sormoaain,
981 1784 1065 1867 qnod

34 1902 36 1911 ’
122 1889 247 1974 quidem
268 1885 424 1970 principio
453 1906 520 1948 non
551 1899 597 1949 eet
617 1886 739 1948 difficile
759 1888 793 1951 in
813 1873 915 1970 primo
944 1885 1064 1952 fervore

57 2007 60 2010 ’
93 1984 252 2068 omorio,
281 2010 345 2074 qno
375 1987 486 2052 ardent
513 2006 623 2053 mutuo
645 2000 777 2075 aponena
798 2005 828 2053 et
850 2014 986 2075 eponae3
1015 1994 1065 2059 aed

120 2091 271 2184 peclatim
293 2088 480 2157 defervescit.
501 2130 504 2135 <
522 2092 587 2156 lmo
611 2096 799 2179 quandoque
826 2109 908 2178 pcat-
930 2119 1065 2160 mentem

64 2188 69 2193 ”
116 2205 289 2291 degenerat
308 2198 343 2261 in
364 2197 566 2261 accerrimum
592 2198 721 2274 odium,
741 2199 909 2285 instigante
932 2199 1064 2261 Diebclo

122 2318 153 2383 et
181 2302 350 2399 ia'ocincnte
379 2302 499 2367 animoa
526 2303 698 2391 conjugum
731 2303 826 2367 veniit
860 2315 890 2366 et
918 2301 1065 2366 mirandia

121 2410 235 2476 modia.

202 2577 405 2665 Heectigitnr
424 2575 518 2660 hoino
534 2577 673 2662 peccati,
695 2579 782 2661 qnod
802 2579 982 2664 hypocritae
1003 2601 1066 2641 exa·

54 2757 57 2762 ,
122 2689 224 2776 gitent
244 2685 358 2765 inlhoc
378 2681 572 2757 Potriarcha‚
594 2683 806 2763 nonquidem
828 2683 983 2744 excusatio
1005 2694 1067 2743 eet:

123 2791 188 2856 eed-
206 2802 252 2854 eet
282 2785 470 2872 praedicatio
497 2784 620 2847 divinae
648 2782 885 2871 indulgentiae,⁴
914 2785 971 2868 qui
1007 2806 1069 2847 noo

95 2906 99 2922 '
123 2896 250 2963 damon
276 2895 364 2956 iatam
385 2890 633 2974 reprobationem
656 2890 737 2953 Leae
765 2891 867 2953 mione
895 2887 1069 2962 formosae,

123 3013 155 3068 et
174 2998 352 3067 electionem
373 2994 500 3059 alteriue
517 2991 719 3057 formosioris.
751 2992 892 3075 Popietee
913 2991 1068 3055 laaoiviem

86 3111 90 3116 ’
123 3106 383 3201 interpretentur,
404 3098 458 3161 c'ed
477 3118 542 3167 non
561 3097 679 3172 vident,
709 3117 788 3180 qnne
816 3117 906 3158 cenea
934 3097 977 3159 ad
997 3115 1070 3157 con·

123 3206 248 3293 jnginm
268 3226 340 3266 enm
359 3201 526 3285 impulerit.
567 3202 723 3266 lncnmbit
742 3201 824 3263 enim
845 3198 936 3261 iacob
959 3198 1071 3260 haben·

126 3307 411 3395 tipromieaionem
431 3310 504 3368 caira
532 3306 570 3369 de
591 3306 787 3390 posteritates
816 3304 887 3366 ideo
917 3324 952 3365 eo
952 3303 1071 3370 llicitne

19 3413 25 3423 ’
126 3428 191 3489 ιιι,
219 3412 301 3475 unde
328 3409 442 3473 habent
461 3432 590 3487 uxorem
609 3408 809 3474 commodam
830 3418 860 3468 ιι
880 3405 1071 3488 placentem,

61 3536 64 3540 ·
125 3517 233 3604 potina
254 3537 346 3600 qnam
366 3513 421 3577 nbi
441 3515 544 3577 aedem
564 3526 678 3594 certam
704 3524 734 3573 et
762 3505 891 3573 domum
915 3509 1072 3581 inveniat,

121 3633 231 3688 contra
253 3639 361 3685 omnee
388 3620 523 3685 rationes
549 3616 813 3705 philosophorum
840 3626 872 3677 ιι
896 3612 1073 3697 eapientem
