2236 4034
128 168 227 271 tta
241 176 549 279 νὶςιιὶιιιιιιιι
571 191 756 242 acturum
778 193 918 262 caput-

125 327 270 403 tercedit,
293 326 428 393 occurrit
447 329 502 405 ei'‘,
521 353 577 413 qur
567 328 769 415 placandus
789 342 844 391 est.
888 319 1072 395 Germanice

96 495 100 516 ¹
125 426 436 495 attinentium
457 429 629 517 ohngeiihr
649 453 689 492 au
710 431 770 492 deu
792 429 869 494 Ort.
892 455 964 496 casu
979 437 1012 498 in
1026 437 1073 497 lo·

125 552 197 640 eum
224 532 317 594 illum
345 533 508 597 veniebat.
523 534 688 611 Perinde
675 533 775 619 agitur
796 549 857 611 eet,
884 559 919 599 ae
946 538 972 599 ai
993 538 1073 600 dice·

60 720 62 724 ,
124 645 171 696 ιιι
190 632 315 703 Mesene
342 633 433 700 Iacob
453 638 557 704 tristis
571 650 601 698 et
621 624 834 720 perturbatus,
864 660 928 699 uon
956 639 1072 723 cogita-

124 712 211 798 verut
246 733 303 797 illo
333 738 405 801 loco
444 740 623 823 quiescere3
656 742 716 806 sed
745 743 789 805 itu
815 741 924 815 accidit
951 752 1072 825 praeter

125 837 315 921 opinionem.
332 866 334 871 ·
355 839 471 933 Multo
489 843 590 908 miuus
611 845 781 932 cogitavit,
809 847 948 910 risurum
976 867 1008 904 se
1023 843 1072 933 ibi

124 941 352 1024 apparitionem
373 964 410 1006 ea
431 949 539 1021 nocte3
568 948 621 1009 sed
641 951 675 1012 iu
702 949 777 1033 fuga
805 949 905 1012 voluit
926 960 979 1008 sut
998 968 1071 1028 pro·

125 1042 216 1128 gredi
235 1045 384 1124 ulterius,
405 1038 547 1112 autcitra
562 1051 654 1130 illum
668 1049 776 1120 locurn'
790 1050 965 1115 consistere.
996 1046 1069 1108 Non

78 1236 81 1241 Ι
126 1148 330 1212 destinaverat
350 1171 388 1213 eo
408 1151 482 1214 loco
503 1169 704 1235 pernoctare,
725 1175 757 1217 es
779 1151 899 1241 gerieth
919 1149 1005 1223 also,
1025 1148 1071 1208 ni-

123 1248 171 1311 bil
191 1249 293 1325 miuus
314 1252 473 1338 cogitent,
494 1277 588 1337 qnam
609 1279 642 1318 se
664 1256 710 1318 ibi
741 1267 1012 1342 pernoctaturum,
1042 1261 1072 1310 et

99 1388 100 1391 ι
124 1341 262 1422 visurum
283 1354 526 1438 apparitionem
532 1357 639 1434 istam3
660 1359 714 1422 sed
736 1360 807 1443 quia
828 1359 877 1422 sol
884 1378 969 1438 eum
984 1373 1071 1438 prae-

124 1469 258 1540 occupat
277 1477 334 1521 auo
356 1478 485 1535 occasu,
506 1460 628 1549 cogitur
647 1460 692 1524 ibi
713 1470 845 1524 munere

64 1604 67 1619 ,
114 1612 116 1616 ,
202 1559 403 1647 Significat
392 1562 493 1646 agitur
512 1561 636 1638 Moses,
666 1564 761 1627 fuisse
790 1562 881 1627 laceb
908 1557 1071 1643 perturba·

85 1725 98 1751 ,1
123 1672 190 1725 tum
216 1675 248 1726 et
275 1665 446 1728 sollicitum
473 1663 512 1727 de
540 1685 598 1726 suo
626 1666 786 1748 periculo,
822 1665 861 1727 de
889 1673 1070 1746 parentum,

32 1831 39 1845 ,
124 1786 206 1850 quos
225 1767 417 1841 deseruerat,
437 1777 518 1830 statu
539 1780 571 1829 et
588 1769 817 1844 iueoiumitate,
837 1779 936 1850 atque
963 1761 1069 1824 inille

123 1868 276 1932 moestitia
301 1853 477 1942 festinasse,
504 1881 541 1931 ut
558 1869 628 1937 'cito
657 1871 690 1932 iu
716 1870 822 1935 lacum
842 1879 982 1952 optutum
1003 1886 1071 1948 per-

122 1971 260 2048 veniret,
288 1982 319 2035 et
335 1983 447 2035 tamen
467 1969 512 2032 ibi
540 1970 712 2035 constitisse
732 1984 863 2056 propter
882 1980 1004 2030 noctem
1025 1965 1070 2025 in-

122 2086 299 2162 gruentem.
340 2073 406 2158 Qui
426 2087 528 2137 eutem
547 2071 621 2139 fessi
642 2063 715 2137 aunt
734 2073 873 2147 tuentia,
895 2069 988 2154 fuga,
1009 2067 1071 2129 sol-

104 2175 309 2254 lieitudine,
338 2175 556 2260 defatigatione
584 2179 741 2261 corporis,
777 2175 867 2239 facile
895 2172 1070 2254 sopiuntur,

102 2354 105 2358 Ι
126 2291 158 2342 et
178 2279 313 2342 suaviter
333 2278 547 2362 obdormiunt.
565 2278 654 2345 Sicut
674 2264 844 2361 discipulos
864 2277 896 2337 in
912 2276 1003 2337 horto
1025 2273 1072 2335 iu-

117 2372 208 2460 xteuit
227 2379 370 2444 Christus
391 2379 576 2444 dormiente·
596 2403 673 2465 pree
689 2380 816 2443 tristitia.
840 2379 901 2441 Alii
913 2376 1071 2439 interdum

123 2502 200 2566 pree
225 2503 367 2545 moerore
396 2505 543 2568 somnum
571 2483 670 2548 oculis
700 2477 810 2567 capere
838 2496 902 2541 non
922 2488 1070 2560 possunt;

124 2586 178 2649 aed
208 2584 386 2649 Patriurcbu
414 2599 519 2658 noster
539 2585 620 2648 euris
641 2597 672 2647 et
696 2606 731 2646 ex
759 2582 867 2646 itinere
896 2581 1004 2667 lassus*
1017 2577 1071 2638 ob·

124 2686 275 2752 dormit:
294 2689 335 2749 At
357 2687 459 2770 qualis
471 2669 603 2771 flectus?
624 2669 719 2771 Quod
733 2684 833 2748 cubile
847 2697 900 2747 aut
917 2668 1070 2744 stratum?

123 2789 222 2855 Humi
248 2787 418 2863 recumbit,
443 2801 475 2852 et
502 2791 594 2877 cupiti
622 2789 752 2855 c'erriual
782 2785 928 2872 supponit
955 2807 1071 2860 aarum,

95 2894 97 2898 ’
124 2893 211 2978 quod
232 2915 269 2956 ee
290 2893 362 2956 loeo
382 2891 508 2955 inreuit.
543 2891 620 2957 Nou
640 2892 875 2956 videturausus
895 2911 928 2951 se
948 2891 1072 2952 credere

124 2988 184 3061 ulli
203 2993 318 3060 civitati
337 2995 405 3079 ΙιιιίιΙ
420 3013 522 3078 pago,
551 2994 624 3077 quie
650 2997 758 3059 babuit
784 3005 943 3074 suspectos
965 3011 1072 3053 omnes

124 3097 275 3165 homiues.
317 3096 390 3161 ldeo
417 3107 582 3181 pernoctat
607 3096 641 3157 iu
669 3098 772 3184 agris,
799 3095 870 3157 loeo
899 3094 1017 3155 deserto
1040 3105 1073 3153 et

125 3202 300 3290 caliginoso
327 3211 400 3282 post
420 3199 494 3261 solia
517 3218 668 3260 oceasum
708 3198 785 3260 Nou
812 3196 918 3258 hebuit
946 3194 1072 3256 foenum

125 3317 347 3378 uutstramcu,
355 3286 441 3385 qnod
461 3301 687 3377 substerneret,
715 3301 794 3362 sicut
821 3310 852 3360 at
872 3298 1048 3382 discipuli
1039 3320 1073 3360 ιιι

90 3470 92 3474 ,
125 3411 218 3483 horto
240 3425 297 3473 nec
316 3401 458 3487 plumas,
479 3424 537 3466 neu
558 3398 733 3486 pulvinaria
754 3401 915 3464 habebant.
955 3399 1017 3463 Sed
1037 3412 1073 3462 ut

58 3591 60 3595 ,
120 3507 297 3597 quilibet
286 3530 322 3572 un
350 3517 463 3569 terram
483 3507 709 3590 procubuerat,
736 3503 780 3569 itu
806 3516 859 3566 aut
878 3503 1071 3580 recumbens,

109 3625 170 3678 ant
189 3613 304 3678 sedens
327 3607 533 3697 quiescebat,
550 3620 582 3675 et
600 3629 747 3674 somnum
766 3605 907 3692 cupiebat
927 3626 993 3670 uon
1015 3605 1073 3668 mi-
