2236 4034
73 184 146 291 [tle
233 161 504 287 Trige-nimum
526 167 897 280 necandum-caput
922 167 931 254 s

87 330 272 422 enlm'moti
292 324 412 408 inbuite
433 362 540 407 rerum
559 343 779 428 inaequalitate
802 354 847 408 et‘
859 337 1043 408 coulueione

87 452 121 510 in
144 448 201 510 beo
223 445 301 534 rita,
328 466 392 531 que
414 445 520 509 rident
538 443 700 531 improbos
720 444 884 510 feliciores
907 463 980 509 eree
997 442 1043 506 bn·

87 545 289 628 trineptis,
319 569 356 610 eo
387 548 588 624 delabuntur,
617 560 653 611 nt
680 563 798 634 negent
831 542 921 630 bano
952 557 1044 608 curto

23 676 31 689 ’
88 645 172 710 diam
199 657 230 707 el
258 645 465 710 miniaterium
491 646 702 731 Angelorum,
739 649 820 728 quin
854 645 970 727 ipram
995 641 1045 704 Ilei

88 747 326 837 providentiam.
375 745 438 810 Sed
469 758 498 810 et
529 749 705 810 communie
733 741 938 830 experientia
961 750 1044 805 terte·

88 850 158 924 ltir,
178 859 210 908 et
229 848 323 941 etiem
335 860 512 912 cauctorem
532 851 687 932 querelae,
709 844 808 931 quod,
832 844 964 935 quanto
986 843 1044 926 quit

56 1022 59 1029 Ι
90 961 138 1013 eet
148 947 469 1013 eeeleratiortantoetl
477 947 671 1014 fortunatior.
693 951 746 1013 Sic
758 949 880 1012 Cicero
891 944 950 1007 ait:
966 944 1043 1027 Opti·

90 1072 142 1119 me
159 1051 295 1138 cogitate
310 1053 440 1135 peeeime
453 1053 571 1116 mdnnt.
592 1051 643 1115 Sic
661 1048 902 1122 luliiCeeearie,
924 1046 1043 1111 Damoe-

31 1199 34 1207 .
90 1152 193 1224 theria
213 1165 244 1216 et
260 1154 404 1231 aliorum,
424 1154 480 1240 qui
496 1152 621 1217 fuerunt
634 1154 798 1238 sapientia,
816 1149 1043 1225 doctrina,eir·

91 1264 167 1332 tute,
186 1254 316 1341 ingenio
336 1255 600 1339 praestentieeimi,
622 1257 764 1340 querelae
776 1261 908 1316 exetant
923 1251 966 1313 de
985 1271 1042 1314 eun·

94 1354 1042 1443 cmeuetexituooneilioruminfelici,quinipeorum'quoque

93 1459 190 1522 eritne
210 1481 268 1543 pro
285 1462 417 1523 ‘eammie
439 1482 511 1545 erge
532 1460 757 1543 rempublicam
776 1455 908 1519 meritie
926 1451 1044 1517 luerunt

94 1562 270 1628 trietieeimi.
318 1562 354 1626 Si
390 1563 436 1646 pii
464 1565 703 1646 opprimuntur,
738 1559 873 1625 eccleeie
902 1556 1042 1642 affligitur

95 1654 127 1726 et
158 1663 281 1728 duriter
309 1675 474 1727 exercetur.
536 1662 626 1747 lmpii
654 1672 835 1749 emergunt,
875 1659 1043 1725 lloreutet

6 1781 8 1785 ’
95 1765 250 1829 abundent
270 1767 385 1853 opibue
406 1776 436 1826 et
466 1767 612 1848 potentie.
653 1768 742 1850 Quae
767 1766 873 1852 igitur
901 1767 980 1830 haec
1005 1779 1042 1829 eet

46 1904 49 1915 ·
94 1867 290 1952 Angelorum
310 1867 559 1931 administratio?
600 1868 680 1952 Quin
701 1869 899 1945 noneideet,
920 1867 1040 1931 fortuito

96 1981 127 2030 et
147 1981 261 2031 temere
282 1971 385 2032 omnia
405 1968 479 2033 ferri
508 1983 538 2034 et
570 1970 708 2048 misceri,
728 1959 815 2055 quin*
828 1970 946 2054 potine
966 1969 1039 2033 lieta-

6 2084 11 2091 ’
96 2091 156 2137 uae
176 2070 254 2155 beno
277 2071 541 2156 'gubernationem
568 2073 656 2134 eene?
697 2071 774 2135 eicut
795 2071 949 2137 Cbriatue
978 2093 1038 2136 eum

95 2172 271 2262 principem
298 2175 407 2237 mundi
434 2173 586 2259 appellat,
617 2185 647 2235 et
672 2173 786 2253 Paulue
814 2175 926 2239 Deum
954 2177 1037 2261 bujue

95 2272 222 2336 eaeonli.
264 2273 432 2356 Quomodo
453 2297 530 2360 ergo
552 2287 611 2338 etet
629 2278 826 2363 Angelorum
848 2279 1039 2342 administre-

97 2376 170 2440 etot
208 2376 417 2461 Rcepondeoe
444 2375 530 2439 Haec
557 2390 619 2452 eet,
653 2393 689 2441 nt
716 2392 807 2443 antea
833 2381 920 2458 dixi,
952 2383 1037 2445 admi·

96 2476 192 2544 tande
212 2489 243 2542 et
262 2477 586 2562 incompreheneibilie
607 2481 759 2564 rapientia
773 2484 845 2560 Dei,
869 2507 969 2570 quam
981 2506 1037 2548 non

96 2581 273 2668 uaequssur
291 2582 371 2643 ratio
393 2582 534 2645 bumana.
566 2582 751 2667 Quanquam
773 2587 800 2648 ei
815 2589 957 2653 velimue
977 2610 1038 2672 ape·

97 2686 163 2749 rire
191 2687 316 2762 oculor,
350 2684 411 2745 boo
441 2684 614 2765 perspicere
643 2696 675 2745 et
701 2686 845 2767 judicare·
866 2710 1036 2774 poeeemue,

96 2788 270 2853 Diabolum
291 2807 356 2851 erae
378 2774 521 2860 cinctum,
543 2797 574 2845 et
595 2786 750 2867 captivum
769 2791 873 2853 teneri
895 2805 1036 2876 tauquam

96 2890 218 2980 injectie
239 2888 439 2972 compedibus
465 2899 496 2950 et
515 2888 657 2964 menioie,
686 2889 730 2951 ita
757 2899 793 2952 ul
821 2913 864 2955 ne
893 2893 1036 2976 capillum

99 2991 227 3077 quidem
249 2989 359 3072 capitia
379 2991 478 3054 noatri
503 2991 605 3074 poerit
630 2991 800 3077 attingere,
826 2996 892 3060 niel
920 2988 1038 3061 volente

98 3104 131 3158 e't
150 3092 345 3182 permittente
368 3094 444 3155 Deo.
487 3090 620 3179 Siquid
647 3106 749 3156 eutem
767 3096 890 3162 adveni
921 3099 1037 3175 accidit,

97 3186 292 3285 nequequam
312 3196 347 3260 id
367 3195 577 3282 negligentiae
595 3195 787 3282 Angelorum
807 3198 843 3261 in
865 3200 1036 3266 mininam

17 3294 21 3310 '
100 3325 207 3366 eorum
229 3298 443 3375 tribuendum,
473 3300 527 3363 aed
548 3299 653 3383 potine
677 3302 716 3366 ad
733 3302 943 3367 tentationem
968 3301 1037 3368 reia·

98 3406 231 3471 rendum
252 3413 334 3478 erat,
363 3400 477 3488 quibua
505 3403 606 3466 eolent
632 3404 667 3464 in
687 3404 744 3467 bac
764 3405 825 3466 rite
846 3409 893 3490 pii
923 3408 1038 3495 cinguli

99 3519 131 3569 et
149 3518 214 3569 tote
234 3504 362 3567 eeclesia
382 3506 524 3569 armeni.
564 3504 674 3588 Neque
703 3508 786 3570 enim
813 3520 899 3572 tanta
931 3525 1038 3595 putea·

16 3640 21 3659 ι
97 3609 138 3672 tia
158 3621 204 3674 eet
223 3605 369 3688 Diaboli,
396 3621 509 3695 wenta
528 3607 564 3674 in
582 3608 717 3696 epeeiern
737 3622 895 3697 apparete·-
920 3613 1037 3679 umal
