2236 4034
121 140 183 208 950
282 131 939 237 'l'eigesimumqnsetnmcapnt
1037 172 1041 177 .

123 285 215 351 Siout
234 282 341 346 Moses
360 299 428 342 non
446 277 586 361 appellat
607 258 679 343 eam
702 256 1006 377 nlztl'ta'tn
885 288 1006 351 ant.
994 261 1079 382 'bg

123 408 191 475 sad
199 386 319 504 Πὺῖ,
340 401 501 472 intantum
539 404 583 468 Et
602 403 754 470 Siolsam
766 401 878 464 etiam
896 404 989 469 adhoc
1002 431 1045 492 pm

46 542 53 555 ·
123 513 189 578 taio
231 480 285 574 tlit
304 526 396 584 vero,
416 528 573 594 egressam
593 529 661 573 esse
683 507 839 582 Dinam,
867 520 907 570 ut
925 509 1045 574 viderat

50 685 54 693 ,
123 616 184 680 lias
203 627 319 687 terrae,
338 609 372 673 id
391 621 447 684 est.
468 611 614 675 mulieres
632 611 728 674 illius
744 608 924 694 regionis,
945 632 1046 692 secam,

124 728 156 783 et
174 717 241 781 sine
262 711 346 777 omni
366 725 451 778 meta
470 712 595 777 ullius
582 712 742 799 snjnriae,
777 714 893 776 multo
914 715 1047 781 minnuts

122 823 193 909 pri,
223 817 249 882 si
277 815 402 904 qnidam
431 818 572 879 noudum
592 827 657 879 erat
676 815 834 895 nubilis,
865 822 934 885 und
960 823 1046 887 anta

123 926 238 1008 lsompt
255 922 349 985 siena
365 918 447 983 Fall.
468 916 541 982 ldeo
552 931 647 1009 anget
657 919 725 984 lsoc
735 906 984 1005 contumeliam,
999 932 1046 1015 qul

27 1066 30 1073 -
123 1032 207 1117 rapit
226 1026 348 1093 Sichcm
368 1021 560 1111 puellulam,
588 1035 620 1086 et
647 1034 780 1109 stuprat
810 1026 1047 1113 impuberen,·t

100 1133 266 1199 anniadum
287 1140 440 1195 maturam
461 1126 618 1213 conjugia.
650 1129 700 1192 Aa
720 1126 791 1192 fnit
811 1131 905 1217 juata
926 1118 1059 1211 matula,

124 1237 224 1305 tribas
242 1229 467 1316 indignationis
488 1242 518 1294 et
536 1230 723 1297 iracundiae.
773 1232 849 1298 Sed
871 1235 1000 1300 nimian
1013 1259 1047 1301 aa

126 1339 209 1407 deles
231 1345 336 1409 erant,
356 1344 392 1395 at
411 1330 591 1410 audiemus,
610 1335 643 1398 in
663 1337 834 1423 exigenda
856 1336 999 1403 vindicta

78 1430 82 1445 ¹
205 1436 304 1523 lpsins
323 1433 460 1519 parentis
481 1435 576 1499 do'lor
594 1436 677 1503 hand
695 1441 803 1505 dubie
821 1456 1048 1507 summosam

124 1544 205 1609 xime
225 1538 407 1605 miserabilis
426 1535 494 1601 fnit.
535 1536 660 1603 Habitat
680 1544 772 1606 enim
803 1543 841 1606 in
864 1558 952 1609 terra
971 1544 1048 1610 cna
1095 1534 1098 1538 Α

126 1660 199 1713 octo
230 1643 319 1707 annis
344 1654 417 1727 post
445 1663 604 1727 egressam
630 1668 665 1710 ex
686 1646 962 1732 Mesopotamia,
988 1650 1049 1713 att

126 1749 214 1821 annis
235 1741 374 1812 aedificat
402 1745 549 1823 domum,
579 1746 648 1834 figit
673 1752 937 1819 tabernaculum
964 1772 1049 1837 propt

125 1852 261 1917 carihat.
287 1847 355 1911 Nec
374 1860 421 1909 est
440 1848 575 1931 amplius
594 1858 789 1943 peregrinus
812 1872 874 1923 ant
897 1855 1051 1940 hospeust

126 1955 230 2021 incola
249 1967 372 2024 tetrae,
394 1948 551 2017 constituit
576 1953 621 2017 ibi
642 1948 838 2039 ecclesiam,
874 1959 974 2046 erigit
997 1959 1050 2021 altat

121 2057 283 2135 Domino,
313 2051 471 2138 praedicat
491 2056 728 2132 promissionem
761 2078 798 2131 et
832 2061 1051 2149 praeceptalla'

126 2155 331 2246 propaganda
350 2153 390 2216 ad
420 2173 543 2223 omnam
569 2167 802 2242 posteritatem.
848 2171 904 2233 Ac
926 2160 1052 2249 ¹hahetpt

127 2283 195 2325 cem
224 2273 254 2322 et
274 2255 545 2338 tranquillitatem,
574 2266 683 2329 saltem
714 2286 941 2332 communem
962 2270 1052 2332 illane

126 2364 287 2440 usitatam,
310 2360 433 2444 qualem
455 2362 556 2426 solent
576 2365 689 2432 habere
709 2371 933 2455 respublicae
952 2384 983 2433 et
1005 2393 1052 2434 oea

126 2465 302 2534 nomisein
324 2464 379 2529 hae
399 2463 480 2539 vita,
509 2468 631 2535 mixtam
658 2456 770 2533 multis
803 2475 1053 2538 difficultatilnst

18 2636 24 2669 Ι
125 2566 334 2633 incommodis
354 2564 489 2648 politicis
510 2579 540 2629 et
554 2574 776 2641 oeconomias.
803 2575 895 2642 Obit
917 2578 1054 2662 etiamopc
1086 2656 1090 2663 Ι

126 2693 176 2737 ιιι
198 2666 424 2744 oeconomicon,
445 2671 632 2757 multiplicat
651 2699 779 2770 greges,
804 2682 991 2768 congregit
1006 2703 1055 2767 ope,

126 2784 217 2865 parat
237 2770 352 2835 victum
373 2768 523 2848 familiae,
545 2778 657 2841 tolerat
676 2782 868 2861 molestias,
894 2808 977 2869 qnae
996 2787 1056 2849 solat

26 2896 29 2901 ·
127 2873 288 2952 incidere,
326 2871 397 2943 odia
425 2873 612 2956 vicinorum,
638 2880 737 2959 furta,
768 2888 933 2969 rapinas,
961 2889 1057 2953 insidit

128 2976 188 3048 loto
209 2988 280 3043 sunt
306 2976 484 3043 communia
512 2981 592 3042 mala
612 2995 643 3043 et
670 2985 890 3068 quotidiana,
924 3013 1001 3076 qnae
1020 3011 1058 3055 ιιι

127 3087 263 3165 possunt
284 3076 400 3162 corrigi
421 3092 472 3143 aut
493 3080 593 3158 vitati,
614 3087 667 3148 aad
684 3087 785 3152 simul
809 3114 895 3155 cum
918 3091 1059 3157 aliisferta

129 3180 170 3243 (la
191 3189 272 3254 sunt,
292 3191 322 3240 et
337 3178 405 3241 Deo
426 3183 543 3265 gratiae
563 3189 712 3273 agendae,
734 3193 832 3274 quod
848 3209 965 3257 manet
983 3198 1061 3259 intera

126 3304 188 3369 pax
207 3294 238 3348 et
256 3282 464 3365 tranquillitas
484 3286 619 3369 publica.
650 3290 821 3371 Caeterum
847 3298 930 3359 talia
952 3320 987 3362 ea
1005 3299 1062 3383 quia

129 3397 192 3461 est,
219 3404 382 3467 quaenan
404 3401 591 3468 potestesse
619 3390 686 3454 sinc
715 3395 841 3460 sudore
875 3401 1000 3477 vultus,
1023 3403 1063 3463 alu

129 3488 247 3572 opinis,
270 3486 336 3547 sine
355 3487 487 3553 tribulis.
528 3494 629 3576 atque
658 3515 725 3558 eam
755 3516 836 3565 eane
872 3501 987 3569 habuit
1003 3503 1063 3569 luel

129 3592 211 3663 blata
233 3604 304 3660 octo
323 3590 419 3655 annis.
776 3638 779 3642 ·
