2236 4034
99 184 160 251 360
261 179 535 266 'frigesimum
557 142 760 260 qniuttim
785 158 910 257 eaput

99 340 113 361 ‘¹
141 312 166 357 .:.
181 327 327 411 Appellat
345 326 416 389 eam
436 325 543 387 Moses
564 320 802 399 concubinam
827 322 894 385 sire
907 324 1033 411 pellium*

90 408 224 488 ,eedfuit
243 425 345 470 tamen
367 429 438 470 vera
458 430 545 479 uxor,
567 421 597 469 et
617 422 728 470 mater
751 407 899 470 duorum
918 398 1037 491 ίίῙὶυτιιι,Ι

98 495 169 569 Dan
190 507 220 555 et
240 491 401 575 Naphtali,
424 488 650 570 quaeluerunt
664 493 759 552 duae
775 489 939 555 ¹maximae
955 495 1040 573 tribur}¹

98 575 180 639 unde
209 588 269 635 orti
298 589 368 632 sunt
397 572 520 632 Simeon
551 585 580 633 et
607 573 723 634 Barao.
789 572 849 639 Ab
876 571 943 654 ipso
961 590 1022 641 tuor

27 650 30 661 ¹
97 671 187 751 Patre
216 654 328 715 Robon
350 653 523 714 afficiuntur
542 654 660 737 insigni
691 666 726 717 et
746 654 1039 745 perpetualignonlf‘

35 772 57 809 ,2
97 739 159 801 nia.
202 736 325 798 Debora
347 749 375 795 et
396 734 494 795 Rsliel
515 735 639 797 vixdum
660 735 850 797 exstinctae
881 747 911 796 et
928 741 1038 819 'aepulari

97 820 241 890 fuerunt,
261 831 291 878 et
310 818 410 879 adhuo
430 819 518 898 qnasi
537 816 685 899 tepebant
711 838 788 879 ossa
808 818 1038 913 utnusquam}

99 903 161 964 ltoo
182 900 280 962 scelus
300 911 504 983 perpetratur.
544 899 690 961 Fuerunt
708 903 804 961 enim
825 900 1040 981 magistratum

96 1007 166 1047 rum
189 995 218 1045 st
239 983 421 1064 disciplinae
442 980 635 1053 domesticae,
657 984 790 1067 quibus
822 982 952 1045 sublatis
967 980 1040 1049 selis-l

96 1060 204 1151 {initur
228 1063 338 1127 Bilba.
368 1062 494 1125 Rahelis
523 1065 653 1136 aneilla,
688 1076 722 1124 at
746 1063 785 1125 fft
810 1064 918 1125 subita
937 1054 1039 1132 naalol

97 1150 130 1217 et'
148 1145 291 1208 oonfusio
313 1144 493 1229 disciplinae
510 1144 545 1205 in
564 1146 778 1208 tabernaculo
806 1146 948 1219 Rahelis,
965 1162 1039 1233 qaut

97 1229 242 1310 ipss-sua
262 1227 422 1309 diligentia
443 1225 529 1289 facile
551 1249 659 1290 osser·
672 1228 875 1371 floruisset,
904 1250 957 1290 neo
977 1238 1040 1296 urst!

97 1330 209 1395 passa,
234 1308 378 1370 ancillam
405 1311 446 1369 ita
472 1309 624 1372 lascivire.
709 1310 851 1373 iabolns
881 1323 1040 1375 tantatus·

96 1382 248 1477 pitndiois
276 1404 386 1451 auctor
405 1390 465 1451 fuit
493 1390 533 1451 ad
558 1391 737 1453 vexandum
762 1391 1026 1459 semotissimnnri·

97 1488 186 1543 sum,
200 1467 262 1554 'qui
283 1471 391 1532 habuit
411 1471 667 1554 promissionem,
698 1495 737 1534 ex
762 1495 801 1534 ee
826 1476 1026 1539 naaoendoses

95 1556 133 1618 se'
174 1553 288 1634 apulos
308 1566 458 1639 strages.
491 1553 551 1615 Sed
574 1553 659 1637 qood
680 1554 822 1616 initium
843 1567 891 1616 est
904 1556 1027 1638 hnjmlts

95 1576 310 1697 nediotionir?
350 1635 487 1696 Moritur
506 1656 599 1708 uxor,
626 1635 657 1695 in
690 1650 761 1718 qua
787 1638 900 1699 omnis
919 1661 1028 1723 spesps

96 1717 242 1777 steritatis
263 1728 335 1776 erat
376 1715 469 1777 Nune
488 1716 726 1781 tabernaculum
749 1718 930 1800 primariae
955 1722 1029 1803 oonjs·

96 1800 147 1881 gis
164 1796 339 1859 foedissime
353 1797 522 1877 polluitur3
544 1818 607 1858 non
624 1798 709 1861 enim
728 1798 854 1869 habuit
868 1801 959 1864 laoolt
973 1805 1043 1871 deins

97 1884 169 1960 hepo
191 1879 441 1940 consuetudinem
463 1900 532 1940 cum
549 1878 606 1940 hac
618 1878 743 1959 pellice,
770 1904 838 1944 neo
854 1885 966 1945 mirum
982 1874 1042 1947 tuis'

95 1974 158 2037 set,
188 1960 214 2023 si
240 1960 455 2041 magnitudine
474 1960 602 2021 'doloris
623 1960 731 2024 fuisset
756 1984 948 2047 oppressus.
982 1967 1044 2049 llgti

95 2063 169 2103 sane
190 2042 338 2103 sustinere
368 2054 420 2101 aut
441 2041 562 2107 vincere
583 2062 649 2102 non
670 2062 830 2125 possem3
863 2045 957 2109 nimis
973 2046 1044 2113 eain¹

95 2125 209 2188 durum
230 2135 259 2183 et
279 2122 472 2183 intolerabile
494 2142 621 2203 prorsus
642 2138 697 2184 est.
1040 2122 1043 2127 ’

176 2204 218 2265 Et
239 2203 297 2265 fuit
317 2217 380 2263 tum
402 2204 503 2265 adhuo
523 2225 627 2266 recens
643 2203 767 2265 vulnus
785 2217 820 2266 et
837 2206 974 2287 dolores
986 2211 1044 2275 oli.

92 2290 130 2348 tu'
148 2284 278 2345 Rahelis
299 2299 328 2345 et
349 2285 501 2346 Deborae.
542 2284 589 2350 lbi
610 2286 754 2347 nondum
776 2284 876 2349 finito
896 2280 1045 2366 lueturel!

94 2366 292 2429 manantibus
313 2366 412 2428 adhno
438 2367 581 2446 lsorymis
602 2367 848 2449 primogenitus
872 2371 978 2432 Ruben
994 2396 1027 2435 ro

91 2472 167 2511 vum
188 2449 299 2508 vulnus
320 2446 440 2530 infligit.
482 2447 573 2510 Bilha
594 2460 696 2509 autem
719 2471 792 2509 non
816 2451 919 2514 invita
938 2465 1026 2516 anteo

93 2542 178 2600 uota,
198 2531 254 2609 ¹sed
276 2530 383 2591 rolens
403 2528 481 2595 fecit.
520 2528 630 2613 Neque
651 2544 697 2592 est
718 2528 916 2608 fornicatio,
933 2558 982 2597 nee
997 2539 1028 2598 ad

91 2611 239 2673 ultoriam
260 2622 312 2670 aut
332 2624 492 2691 stuprum,
521 2612 574 2675 sed
603 2624 648 2672 est
674 2610 823 2674 incestus
846 2618 1027 2703 turpissimus,

18 2692 21 2701 '
91 2691 161 2756 viro
181 2704 269 2769 patre
290 2692 422 2757 dormire
443 2713 512 2753 eum
533 2691 630 2774 ipsius
647 2709 759 2754 uxore.

173 2772 358 2835 Scribuntur
377 2786 479 2833 antem
502 2772 577 2834 haeo
598 2774 635 2835 ad
657 2773 886 2839 consolandos
919 2800 986 2853 nor,
1003 2790 1026 2840 st

93 2854 242 2927 amamus,
263 2866 384 2914 nostras
405 2853 583 2919 afflictiones
611 2867 642 2915 et
668 2857 876 2921 calamitates
907 2882 968 2922 non
983 2882 1049 2923 estr-

94 2949 262 3008 extremas,
291 2948 321 2994 et
349 2957 387 2997 ne
416 2936 541 3013 quidem
561 2934 767 2999 conferendae
791 2941 835 3000 ad
861 2941 1050 3019 Patriamls¹

90 3040 161 3082 rum
183 3037 351 3076 aerumnas.
406 3015 540 3089 Deinde,
569 3017 655 3098 quod
675 3032 810 3099 peccata
842 3023 1028 3101 remittantur,

91 3100 143 3159 sed
165 3119 231 3157 non
254 3096 317 3158 sina
337 3116 448 3173 poena.
488 3097 568 3159 Nam
590 3098 665 3158 haee
685 3099 790 3160 tribus
804 3115 924 3182 postea
939 3104 1029 3166 luitin-

90 3179 178 3241 firms
200 3191 229 3239 et
251 3177 472 3260 abjectissima,
503 3192 533 3239 et
553 3177 618 3239 faex
638 3179 733 3240 totins
756 3202 806 3265 po
836 3186 888 3248 uli
909 3186 1051 3251 lsraelit'st

90 3261 135 3337 oi,
156 3274 188 3323 et
206 3260 308 3339 ablata
328 3272 373 3319 est
393 3261 432 3321 ab
454 3280 490 3322 eo
512 3260 778 3344 primogenitura,
804 3205 874 3327 don
899 3281 959 3336 eat,
979 3290 1030 3353 reg·
1047 3284 1052 3333 t

91 3366 165 3402 num
187 3354 216 3400 et
239 3341 460 3417 sacerdotium,
493 3342 535 3427 ila
554 3354 589 3403 ut
609 3344 709 3405 multo
731 3346 837 3406 satius
872 3346 967 3410 fuerit
984 3351 1030 3411 Ilu-

88 3424 150 3486 ben
179 3421 227 3483 vel
248 3423 361 3503 septies
382 3422 480 3494 mori,
514 3423 586 3504 quia
618 3424 657 3485 ad
678 3446 812 3488 omnem
837 3432 1031 3493 aeternitaten

37 3526 40 3535 ⁴
92 3504 132 3565 ad
153 3503 246 3565 finem
268 3524 364 3585 usque
385 3504 493 3565 mnndi
514 3504 688 3566 celebratur
709 3507 853 3575 historia
879 3512 967 3588 haee,
982 3534 1030 3574 oue

88 3586 141 3665 nia
158 3586 271 3665 templa
300 3599 329 3645 at
357 3584 478 3647 scholae
506 3601 712 3667 personarunt
738 3596 1030 3657 commemoratione

87 3676 188 3733 tautae
217 3666 443 3752 turpitudinis,
467 3667 510 3731 ad
536 3692 633 3750 uuam
649 3691 760 3732 omues
784 3693 924 3755 riaootes
943 3690 972 3742 tt
988 3648 1069 3811 [tt-L
