2250 4042
446 177 662 266 genesia'
788 255 792 262 ⁸
932 182 1005 290 ρ316

57 329 104 408 tl,
124 348 186 414 pro
203 348 261 391 soc
281 327 367 390 libitu
390 341 531 414 gerentes
551 312 667 392 omnis.
719 323 813 388 Solos
832 325 886 390 ille
905 349 1006 412 popu.
1048 348 1051 353 >

29 435 135 523 1¹⁰⁸⁴
154 432 214 516 qui
229 432 322 493 babet
343 434 470 495 verbum
491 445 522 495 et
543 430 673 502 credit
664 440 702 490 ιη’
719 428 836 507 Deum,
857 443 901 492 est
924 430 1006 497 fitius

59 535 164 604 oroois
185 546 215 600 ot
236 535 410 599 vexationis.
451 535 492 597 Et
514 536 540 595 si
562 533 646 597 deest
667 531 819 606 mundus,
851 535 1005 616 quicum
1101 588 1104 607 ,

60 632 241 720 crucifiget,
268 646 370 723 tomen
399 637 463 700 non
485 637 571 699 abest
594 633 744 698 Diabolus
766 657 836 707 oum
858 637 922 700 sois
945 640 1005 699 An·

59 739 152 826 gelis.
193 735 256 800 sed
277 738 351 801 lrsec
372 753 418 801 est
439 738 611 803 oonsolatio
640 750 761 808 nostra,
790 739 876 820 quod
903 731 1007 801 damli-

61 843 143 904 stioa
162 850 193 900 et
212 838 360 903 vilissime
382 840 627 904 Christianorum
645 840 833 936 conversatio
852 862 921 901 com
934 863 1007 915 axo·
1027 892 1029 897 .
1089 885 1108 913 ,ι

59 963 116 1018 re,
141 962 214 1003 cum
241 938 347 1001 liberis
376 953 405 1002 st
431 940 567 1015 familia,
596 960 675 1023 quae
695 939 883 1022 inspeciem
906 966 1008 1006 merse
1052 982 1055 987 ·

62 1061 169 1129 nugae
190 1052 280 1115 sant,
300 1061 388 1105 verae
407 1054 438 1105 et
458 1043 579 1105 divinae
599 1055 670 1105 suot
689 1042 852 1120 historias,
883 1056 1008 1108 ornatos

63 1142 171 1228 gloria
189 1139 273 1202 verbi
295 1140 365 1205 Dei
1081 1138 1086 1143 ’

145 1240 424 1330 Apprsbandsmas
445 1263 518 1305 rcro
540 1256 570 1305 et
590 1242 719 1307 firmiter
737 1244 921 1337 retineamus
935 1266 1008 1308 rere
1039 1272 1041 1277 ·
1091 1216 1096 1227 ,

64 1347 161 1421 bum,
182 1356 212 1404 et
231 1344 413 1427 cogitemus,
433 1367 491 1407 nos
511 1347 692 1430 baptisatus,
712 1347 871 1411 absolutos
893 1330 921 1411 et
936 1341 1008 1412 doo-

64 1462 115 1511 tos
136 1467 213 1531 ease
206 1448 316 1510 verbo
328 1444 406 1519 Dei
448 1449 593 1537 Agamus
606 1450 673 1512 Deo
693 1451 827 1534 gratiss,
854 1464 884 1512 ct
911 1451 1008 1512 simos

64 1551 159 1627 loeti,
183 1549 248 1612 sire
277 1549 419 1624 coelum,
447 1547 511 1611 sire
539 1546 671 1612 mundos
701 1562 785 1613 totos
820 1563 924 1627 rust,
944 1551 1024 1641 ocal!
1104 1576 1107 1581 ·

64 1650 141 1717 treff
164 1672 222 1715 ons
251 1649 328 1713 dozu
355 1647 412 1712 sol
436 1650 497 1712 den
523 1649 628 1734 ttopf,
662 1664 764 1713 temen
788 1650 863 1713 oerti
891 1671 1010 1728 somus,

67 1754 157 1839 qood
178 1752 277 1814 nostri
297 1752 367 1815 ludi
387 1764 416 1823 et
430 1747 625 1819 'miserrimos
644 1751 784 1815 miseriae
804 1752 865 1818 sint
886 1763 1010 1815 ornatu

69 1871 99 1921 et
128 1867 295 1923 coronatse
325 1854 427 1940 gloria
454 1866 485 1917 et
512 1849 743 1936 magnificentia
769 1854 885 1928 divina,
920 1855 1011 1917 cimi-
1057 1880 1067 1919 e

67 1985 144 2028 rom·
161 1960 256 2022 verbo
279 1958 345 2020 Dei.
388 1958 439 2020 Ob
461 1959 540 2020 banc
561 1978 682 2021 causam
712 1956 768 2022 bae
794 1955 939 2021 historiae
960 1981 1011 2021 ro

69 2077 181 2127 cantur
200 2082 304 2123 sacrae
325 2075 545 2125 etcommunes
566 2071 639 2122 sont
657 2059 801 2121 omnibus
822 2060 1010 2138 bominibus,
1071 2095 1074 2103 ,

68 2162 264 2231 habentibao·
284 2161 413 2223 verbum
433 2160 508 2236 Dei,
539 2161 573 2223 io
601 2161 716 2245 quibus
742 2161 826 2223 Deus
853 2174 1011 2245 operator,

70 2280 101 2330 et
121 2264 250 2349 quidem
270 2284 344 2326 com
360 2260 575 2344 beneplacito,
597 2286 667 2332 com
681 2263 907 2340 misericordia,
928 2287 1011 2327 com·
1097 2290 1099 2295 ·

72 2390 133 2453 que
154 2367 257 2455 gratia
275 2386 348 2441 sua,
379 2385 441 2446 qua
460 2362 577 2426 ratione
608 2361 679 2426 non'
699 2365 763 2449 agit
791 2386 861 2425 cum
883 2366 1011 2429 Alexan·

73 2471 149 2544 (iro,
168 2466 332 2550 Scipione,
360 2464 530 2538 Cicerone,
558 2467 728 2528 Hannibale
749 2479 806 2529 etc.
847 2467 920 2530 Ideo
942 2492 1012 2556 grs-

71 2574 208 2637 tuleroirr
228 2570 321 2632 nobis
340 2580 370 2628 et
390 2567 618 2650 acquiescamus
639 2570 718 2653 grati
738 2588 772 2630 ao
788 2566 898 2630 hilares
919 2569 1012 2632 bene·

70 2678 186 2762 placito
208 2674 331 2749 divino,
352 2669 485 2734 feramus
506 2673 596 2737 etiam
617 2692 716 2754 ecquo
738 2670 859 2745 animo,
886 2671 1011 2754 siquid

71 2778 222 2862 objicitur
241 2773 463 2837 molestiarum.
486 2770 545 2835 ‘Et
565 2784 721 2854 utcunque
742 2776 803 2834 sint
822 2773 928 2846 exilia,
948 2794 1011 2835 een-

70 2880 164 2954 vilia,
192 2877 356 2939 muliebria
376 2891 406 2939 et
426 2878 519 2959 plena
546 2875 684 2936 miseriae
705 2893 799 2955 opera
821 2888 941 2948 nostro,
961 2888 1011 2939 ts·

70 3003 144 3046 meo
175 2978 386 3043 atlscribsmus
422 2979 504 3041 bono
537 2977 676 3039 titulum:
718 2975 902 3042 Verbum·
922 2976 1011 3056 Dei,
1057 2982 1061 2991 “
1103 3032 1106 3040 ,

71 3105 136 3169 qno
158 3080 238 3143 fiunt
256 3080 394 3165 gloriosa
415 3081 529 3154 omnia,
550 3099 629 3162 quae
648 3078 796 3161 gerimus,
816 3090 846 3139 st
865 3080 896 3139 in
917 3081 1011 3142 asten

70 3210 149 3251 num
177 3204 323 3247 massora
349 3196 438 3258 sant,
469 3205 540 3245 com
569 3192 713 3248 econtra
740 3180 849 3250 mundi
869 3180 1011 3250 historiae

70 3291 105 3355 lo
126 3300 288 3353 aeternnm
307 3286 369 3348 sint
388 3283 585 3350 miserabiles

152 3387 208 3453 Sis
242 3386 466 3473 intelligemus,
501 3409 566 3451 non
599 3386 710 3451 bostra
748 3385 822 3450 baec
847 3405 865 3448 s
892 3383 1012 3469 Spiritu

70 3506 183 3563 roomo
213 3493 375 3577 proposita
401 3511 467 3555 erro
485 3490 642 3576 legenda,
666 3490 819 3564 docenda,
849 3489 1010 3565 credenda,

67 3600 161 3685 Papa
181 3618 255 3666 oum
277 3596 341 3663 esis
360 3593 493 3685 superbe
507 3593 673 3659 contemnit
691 3578 1028 3683 etsoraaiatinterim,=
