<?xml version="1.0" encoding="UTF-8"?>
<!DOCTYPE html PUBLIC "-//W3C//DTD XHTML 1.0 Transitional//EN"
    "http://www.w3.org/TR/xhtml1/DTD/xhtml1-transitional.dtd">
<html xmlns="http://www.w3.org/1999/xhtml" xml:lang="en" lang="en">
 <head>
  <title>
</title>
<meta http-equiv="Content-Type" content="text/html;charset=utf-8" />
  <meta name='ocr-system' content='tesseract 3.04.00' />
  <meta name='ocr-capabilities' content='ocr_page ocr_carea ocr_par ocr_line ocrx_word'/>
</head>
<body>
  <div class='ocr_page' id='page_1' title='image "./exegeticaoperal05luthgoog_0387.png"; bbox 0 0 2236 4034; ppageno 0'>
   <div class='ocr_carea' id='block_1_1' title="bbox 99 132 882 271">
    <p class='ocr_par' dir='ltr' id='par_1_1' title="bbox 99 132 882 271">
     <span class='ocr_line' id='line_1_1' title="bbox 99 132 882 271; baseline 0.014 -34"><span class='ocrx_word' id='word_1_1' title='bbox 99 178 142 248; x_wconf 79' lang='lat'><strong>8⁰</strong></span> <span class='ocrx_word' id='word_1_2' title='bbox 230 264 233 271; x_wconf 19' lang='grc' dir='ltr'><strong>μ</strong></span> <span class='ocrx_word' id='word_1_3' title='bbox 261 132 544 262; x_wconf 70' lang='lat' dir='ltr'><strong>&#39;frigesimum</strong></span> <span class='ocrx_word' id='word_1_4' title='bbox 564 175 736 262; x_wconf 87' lang='lat' dir='ltr'><strong>primum</strong></span> <span class='ocrx_word' id='word_1_5' title='bbox 757 193 882 268; x_wconf 86' lang='lat' dir='ltr'><strong>ouput</strong></span> 
     </span>
    </p>
   </div>
   <div class='ocr_carea' id='block_1_2' title="bbox 90 324 1053 729">
    <p class='ocr_par' dir='ltr' id='par_1_2' title="bbox 90 324 1053 729">
     <span class='ocr_line' id='line_1_2' title="bbox 99 324 1053 421; baseline 0.005 -27"><span class='ocrx_word' id='word_1_6' title='bbox 99 328 177 394; x_wconf 71' lang='lat' dir='ltr'><strong>Non</strong></span> <span class='ocrx_word' id='word_1_7' title='bbox 198 324 282 390; x_wconf 83' lang='lat' dir='ltr'><strong>euim</strong></span> <span class='ocrx_word' id='word_1_8' title='bbox 300 336 393 421; x_wconf 75' lang='lat' dir='ltr'><strong>sonat</strong></span> <span class='ocrx_word' id='word_1_9' title='bbox 411 326 566 418; x_wconf 73' lang='lat' dir='ltr'><strong>spolium,</strong></span> <span class='ocrx_word' id='word_1_10' title='bbox 584 326 703 392; x_wconf 76' lang='lat' dir='ltr'><strong>furtum</strong></span> <span class='ocrx_word' id='word_1_11' title='bbox 724 342 777 395; x_wconf 88' lang='lat' dir='ltr'><strong>aut</strong></span> <span class='ocrx_word' id='word_1_12' title='bbox 804 332 969 417; x_wconf 81' lang='lat' dir='ltr'><strong>rapinam,</strong></span> <span class='ocrx_word' id='word_1_13' title='bbox 998 334 1053 400; x_wconf 86' lang='lat' dir='ltr'><strong>sed</strong></span> 
     </span>
     <span class='ocr_line' id='line_1_3' title="bbox 90 425 1052 518; baseline 0.012 -27"><span class='ocrx_word' id='word_1_14' title='bbox 90 425 239 516; x_wconf 68' lang='lat' dir='ltr'><strong>‘appellat</strong></span> <span class='ocrx_word' id='word_1_15' title='bbox 256 427 416 494; x_wconf 71' lang='lat' dir='ltr'><strong>facultates</strong></span> <span class='ocrx_word' id='word_1_16' title='bbox 437 430 499 495; x_wconf 83' lang='lat' dir='ltr'><strong>sire</strong></span> <span class='ocrx_word' id='word_1_17' title='bbox 519 432 751 515; x_wconf 80' lang='lat' dir='ltr'><strong>possessiones,</strong></span> <span class='ocrx_word' id='word_1_18' title='bbox 784 446 901 515; x_wconf 80' lang='lat' dir='ltr'><strong>restes,</strong></span> <span class='ocrx_word' id='word_1_19' title='bbox 928 459 1052 518; x_wconf 83' lang='lat' dir='ltr'><strong>aurum,</strong></span> 
     </span>
     <span class='ocr_line' id='line_1_4' title="bbox 98 531 1052 620; baseline 0.009 -25"><span class='ocrx_word' id='word_1_20' title='bbox 98 545 284 620; x_wconf 77' lang='lat' dir='ltr'><strong>argentum,</strong></span> <span class='ocrx_word' id='word_1_21' title='bbox 303 550 425 618; x_wconf 81' lang='lat' dir='ltr'><strong>greges.</strong></span> <span class='ocrx_word' id='word_1_22' title='bbox 473 531 558 596; x_wconf 85' lang='lat' dir='ltr'><strong>Haeo</strong></span> <span class='ocrx_word' id='word_1_23' title='bbox 578 536 686 599; x_wconf 89' lang='lat' dir='ltr'><strong>omnia</strong></span> <span class='ocrx_word' id='word_1_24' title='bbox 705 547 757 600; x_wconf 89' lang='lat' dir='ltr'><strong>tua</strong></span> <span class='ocrx_word' id='word_1_25' title='bbox 783 550 877 616; x_wconf 83' lang='lat' dir='ltr'><strong>suut,</strong></span> <span class='ocrx_word' id='word_1_26' title='bbox 909 539 1052 604; x_wconf 81' lang='lat' dir='ltr'><strong>dixerunt</strong></span> 
     </span>
     <span class='ocr_line' id='line_1_5' title="bbox 97 632 1052 729; baseline 0.005 -26"><span class='ocrx_word' id='word_1_27' title='bbox 97 638 272 726; x_wconf 75' lang='lat' dir='ltr'><strong>onningen,</strong></span> <span class='ocrx_word' id='word_1_28' title='bbox 293 647 340 700; x_wconf 88' lang='lat' dir='ltr'><strong>est</strong></span> <span class='ocrx_word' id='word_1_29' title='bbox 359 634 498 720; x_wconf 82' lang='lat' dir='ltr'><strong>spolium</strong></span> <span class='ocrx_word' id='word_1_30' title='bbox 519 636 667 702; x_wconf 80' lang='lat' dir='ltr'><strong>divinitus</strong></span> <span class='ocrx_word' id='word_1_31' title='bbox 694 637 752 701; x_wconf 83' lang='lat' dir='ltr'><strong>tibi</strong></span> <span class='ocrx_word' id='word_1_32' title='bbox 771 632 944 720; x_wconf 56' lang='lat' dir='ltr'><strong>traditum</strong></span> <span class='ocrx_word' id='word_1_33' title='bbox 967 645 1052 729; x_wconf 90' lang='lat' dir='ltr'><strong>quod</strong></span> 
     </span>
    </p>
   </div>
   <div class='ocr_carea' id='block_1_3' title="bbox 97 736 1054 828">
    <p class='ocr_par' dir='ltr' id='par_1_3' title="bbox 97 736 1054 828">
     <span class='ocr_line' id='line_1_6' title="bbox 97 736 1054 828; baseline 0.007 -23"><span class='ocrx_word' id='word_1_34' title='bbox 97 741 196 828; x_wconf 83' lang='lat' dir='ltr'><strong>eripis</strong></span> <span class='ocrx_word' id='word_1_35' title='bbox 214 763 251 804; x_wconf 85' lang='lat' dir='ltr'><strong>ex</strong></span> <span class='ocrx_word' id='word_1_36' title='bbox 269 736 412 801; x_wconf 83' lang='lat' dir='ltr'><strong>faucibus</strong></span> <span class='ocrx_word' id='word_1_37' title='bbox 431 736 603 801; x_wconf 76' lang='lat' dir='ltr'><strong>avarissimi</strong></span> <span class='ocrx_word' id='word_1_38' title='bbox 622 737 807 806; x_wconf 78' lang='lat' dir='ltr'><strong>Cerberion</strong></span> <span class='ocrx_word' id='word_1_39' title='bbox 832 745 967 812; x_wconf 80' lang='lat' dir='ltr'><strong>modun</strong></span> <span class='ocrx_word' id='word_1_40' title='bbox 989 745 1054 815; x_wconf 49' lang='lat' dir='ltr'><strong>sura</strong></span> 
     </span>
    </p>
   </div>
   <div class='ocr_carea' id='block_1_4' title="bbox 45 842 881 971">
    <p class='ocr_par' dir='ltr' id='par_1_4' title="bbox 45 842 881 971">
     <span class='ocr_line' id='line_1_7' title="bbox 45 842 881 971; baseline -0.001 -57"><span class='ocrx_word' id='word_1_41' title='bbox 45 912 51 927; x_wconf 67' lang='grc'>,</span> <span class='ocrx_word' id='word_1_42' title='bbox 96 846 174 914; x_wconf 83' lang='lat' dir='ltr'><strong>¹tiot</strong></span> <span class='ocrx_word' id='word_1_43' title='bbox 192 842 337 929; x_wconf 81' lang='lat' dir='ltr'><strong>rapinae,</strong></span> <span class='ocrx_word' id='word_1_44' title='bbox 357 861 537 925; x_wconf 85' lang='lat' dir='ltr'><strong>quanquam</strong></span> <span class='ocrx_word' id='word_1_45' title='bbox 557 851 678 923; x_wconf 75' lang='lat' dir='ltr'><strong>eattae</strong></span> <span class='ocrx_word' id='word_1_46' title='bbox 697 844 881 971; x_wconf 80' lang='lat' dir='ltr'><strong>substantia.</strong></span> 
     </span>
    </p>
   </div>
   <div class='ocr_carea' id='block_1_5' title="bbox 40 1012 1051 1909">
    <p class='ocr_par' dir='ltr' id='par_1_5' title="bbox 40 1012 1051 1909">
     <span class='ocr_line' id='line_1_8' title="bbox 80 1012 1050 1104; baseline 0.001 -23"><span class='ocrx_word' id='word_1_47' title='bbox 80 1050 105 1073; x_wconf 88' lang='grc'><strong>·-</strong></span> <span class='ocrx_word' id='word_1_48' title='bbox 176 1013 277 1081; x_wconf 73' lang='lat' dir='ltr'><strong>Addit</strong></span> <span class='ocrx_word' id='word_1_49' title='bbox 297 1021 402 1076; x_wconf 79' lang='lat' dir='ltr'><strong>entem</strong></span> <span class='ocrx_word' id='word_1_50' title='bbox 422 1021 541 1074; x_wconf 80' lang='grc' dir='ltr'><strong>ιιιιιιιι</strong></span> <span class='ocrx_word' id='word_1_51' title='bbox 560 1023 597 1075; x_wconf 90' lang='grc' dir='ltr'><strong>ιιι</strong></span> <span class='ocrx_word' id='word_1_52' title='bbox 615 1012 734 1080; x_wconf 70' lang='lat' dir='ltr'><strong>vennae</strong></span> <span class='ocrx_word' id='word_1_53' title='bbox 753 1016 794 1082; x_wconf 82' lang='lat' dir='ltr'><strong>sd</strong></span> <span class='ocrx_word' id='word_1_54' title='bbox 813 1030 956 1103; x_wconf 80' lang='lat' dir='ltr'><strong>patrem,</strong></span> <span class='ocrx_word' id='word_1_55' title='bbox 976 1039 1050 1104; x_wconf 80' lang='lat' dir='ltr'><strong>que·</strong></span> 
     </span>
     <span class='ocr_line' id='line_1_9' title="bbox 97 1113 1050 1207; baseline -0.002 -19"><span class='ocrx_word' id='word_1_56' title='bbox 97 1144 128 1187; x_wconf 83' lang='grc' dir='ltr'><strong>ιι</strong></span> <span class='ocrx_word' id='word_1_57' title='bbox 115 1120 246 1187; x_wconf 77' lang='lat' dir='ltr'><strong>diost:</strong></span> <span class='ocrx_word' id='word_1_58' title='bbox 274 1116 351 1179; x_wconf 85' lang='lat' dir='ltr'><strong>Non</strong></span> <span class='ocrx_word' id='word_1_59' title='bbox 382 1113 590 1177; x_wconf 72' lang='lat' dir='ltr'><strong>meditabatur</strong></span> <span class='ocrx_word' id='word_1_60' title='bbox 616 1113 726 1202; x_wconf 80' lang='lat' dir='ltr'><strong>fugam</strong></span> <span class='ocrx_word' id='word_1_61' title='bbox 754 1119 840 1184; x_wconf 80' lang='lat' dir='ltr'><strong>velut</strong></span> <span class='ocrx_word' id='word_1_62' title='bbox 863 1120 1050 1207; x_wconf 70' lang='lat' dir='ltr'><strong>plagiarius,</strong></span> 
     </span>
     <span class='ocr_line' id='line_1_10' title="bbox 96 1208 1050 1308; baseline -0.005 -16"><span class='ocrx_word' id='word_1_63' title='bbox 96 1225 151 1291; x_wconf 76' lang='lat' dir='ltr'><strong>fur</strong></span> <span class='ocrx_word' id='word_1_64' title='bbox 178 1233 232 1288; x_wconf 83' lang='lat' dir='ltr'><strong>eut</strong></span> <span class='ocrx_word' id='word_1_65' title='bbox 258 1221 360 1294; x_wconf 87' lang='lat' dir='ltr'><strong>letro;</strong></span> <span class='ocrx_word' id='word_1_66' title='bbox 388 1218 442 1282; x_wconf 91' lang='lat' dir='ltr'><strong>sed</strong></span> <span class='ocrx_word' id='word_1_67' title='bbox 469 1218 586 1300; x_wconf 81' lang='lat' dir='ltr'><strong>justam</strong></span> <span class='ocrx_word' id='word_1_68' title='bbox 605 1219 833 1303; x_wconf 75' lang='lat' dir='ltr'><strong>profectionem</strong></span> <span class='ocrx_word' id='word_1_69' title='bbox 863 1208 1050 1308; x_wconf 68' lang='lat' dir='ltr'><strong>susupielnt</strong></span> 
     </span>
     <span class='ocr_line' id='line_1_11' title="bbox 40 1321 1048 1411; baseline 0.001 -20"><span class='ocrx_word' id='word_1_70' title='bbox 40 1372 46 1391; x_wconf 77' lang='grc'><strong><em>,</em></strong></span> <span class='ocrx_word' id='word_1_71' title='bbox 97 1327 139 1395; x_wconf 74' lang='lat' dir='ltr'><strong>ad</strong></span> <span class='ocrx_word' id='word_1_72' title='bbox 158 1339 278 1411; x_wconf 83' lang='lat' dir='ltr'><strong>patrem</strong></span> <span class='ocrx_word' id='word_1_73' title='bbox 298 1323 406 1400; x_wconf 81' lang='lat' dir='ltr'><strong>lsaao,</strong></span> <span class='ocrx_word' id='word_1_74' title='bbox 425 1321 482 1386; x_wconf 83' lang='lat' dir='ltr'><strong>abi</strong></span> <span class='ocrx_word' id='word_1_75' title='bbox 502 1322 602 1406; x_wconf 83' lang='lat' dir='ltr'><strong>possit</strong></span> <span class='ocrx_word' id='word_1_76' title='bbox 620 1323 719 1386; x_wconf 86' lang='lat' dir='ltr'><strong>tutius</strong></span> <span class='ocrx_word' id='word_1_77' title='bbox 745 1323 866 1405; x_wconf 79' lang='lat' dir='ltr'><strong>vivere,</strong></span> <span class='ocrx_word' id='word_1_78' title='bbox 895 1339 929 1391; x_wconf 84' lang='lat' dir='ltr'><strong>st</strong></span> <span class='ocrx_word' id='word_1_79' title='bbox 949 1330 1048 1391; x_wconf 89' lang='lat' dir='ltr'><strong>omni·</strong></span> 
     </span>
     <span class='ocr_line' id='line_1_12' title="bbox 96 1427 1048 1517; baseline -0.001 -21"><span class='ocrx_word' id='word_1_80' title='bbox 96 1429 244 1509; x_wconf 73' lang='lat' dir='ltr'><strong>bataave</strong></span> <span class='ocrx_word' id='word_1_81' title='bbox 265 1427 394 1503; x_wconf 73' lang='lat' dir='ltr'><strong>haben,</strong></span> <span class='ocrx_word' id='word_1_82' title='bbox 422 1427 686 1512; x_wconf 81' lang='lat' dir='ltr'><strong>aissaliis,qu1</strong></span> <span class='ocrx_word' id='word_1_83' title='bbox 677 1428 806 1496; x_wconf 77' lang='lat' dir='ltr'><strong>velint</strong></span> <span class='ocrx_word' id='word_1_84' title='bbox 835 1453 910 1496; x_wconf 87' lang='lat' dir='ltr'><strong>eum</strong></span> <span class='ocrx_word' id='word_1_85' title='bbox 936 1430 971 1496; x_wconf 89' lang='lat' dir='ltr'><strong>iu</strong></span> <span class='ocrx_word' id='word_1_86' title='bbox 999 1433 1048 1517; x_wconf 86' lang='lat' dir='ltr'><strong>jus</strong></span> 
     </span>
     <span class='ocr_line' id='line_1_13' title="bbox 95 1526 1051 1616; baseline 0.002 -20"><span class='ocrx_word' id='word_1_87' title='bbox 95 1532 237 1607; x_wconf 81' lang='grc' dir='ltr'><strong>ιιιΙιιιο,</strong></span> <span class='ocrx_word' id='word_1_88' title='bbox 257 1543 288 1593; x_wconf 86' lang='lat' dir='ltr'><strong>st</strong></span> <span class='ocrx_word' id='word_1_89' title='bbox 308 1548 454 1592; x_wconf 80' lang='lat' dir='ltr'><strong>securare</strong></span> <span class='ocrx_word' id='word_1_90' title='bbox 474 1526 565 1606; x_wconf 80' lang='lat' dir='ltr'><strong>furti,</strong></span> <span class='ocrx_word' id='word_1_91' title='bbox 586 1528 736 1596; x_wconf 87' lang='lat' dir='ltr'><strong>rationem</strong></span> <span class='ocrx_word' id='word_1_92' title='bbox 749 1533 1051 1616; x_wconf 84' lang='lat' dir='ltr'><strong>redderesueepro-</strong></span> 
     </span>
     <span class='ocr_line' id='line_1_14' title="bbox 95 1629 1048 1724; baseline -0.003 -23"><span class='ocrx_word' id='word_1_93' title='bbox 95 1631 243 1701; x_wconf 64' lang='lat' dir='ltr'><strong>dmoni·</strong></span> <span class='ocrx_word' id='word_1_94' title='bbox 263 1642 294 1697; x_wconf 83' lang='lat' dir='ltr'><strong>et</strong></span> <span class='ocrx_word' id='word_1_95' title='bbox 305 1629 495 1697; x_wconf 81' lang='lat' dir='ltr'><strong>facultatum</strong></span> <span class='ocrx_word' id='word_1_96' title='bbox 515 1653 663 1724; x_wconf 80' lang='lat' dir='ltr'><strong>suarum,</strong></span> <span class='ocrx_word' id='word_1_97' title='bbox 694 1634 721 1698; x_wconf 90' lang='lat' dir='ltr'><strong>si</strong></span> <span class='ocrx_word' id='word_1_98' title='bbox 748 1634 909 1720; x_wconf 85' lang='lat' dir='ltr'><strong>quidem</strong></span> <span class='ocrx_word' id='word_1_99' title='bbox 897 1636 1048 1719; x_wconf 75' lang='lat' dir='ltr'><strong>injustum</strong></span> 
     </span>
     <span class='ocr_line' id='line_1_15' title="bbox 96 1716 1047 1824; baseline 0.001 -21"><span class='ocrx_word' id='word_1_100' title='bbox 96 1739 264 1823; x_wconf 75' lang='lat' dir='ltr'><strong>ridebatur</strong></span> <span class='ocrx_word' id='word_1_101' title='bbox 284 1735 366 1798; x_wconf 82' lang='lat' dir='ltr'><strong>olem</strong></span> <span class='ocrx_word' id='word_1_102' title='bbox 386 1716 561 1815; x_wconf 80' lang='lat' dir='ltr'><strong>diseedere,</strong></span> <span class='ocrx_word' id='word_1_103' title='bbox 581 1718 612 1801; x_wconf 82' lang='lat' dir='ltr'><strong>et</strong></span> <span class='ocrx_word' id='word_1_104' title='bbox 630 1737 730 1802; x_wconf 79' lang='lat' dir='ltr'><strong>iuvita</strong></span> <span class='ocrx_word' id='word_1_105' title='bbox 749 1737 862 1803; x_wconf 83' lang='lat' dir='ltr'><strong>Labau</strong></span> <span class='ocrx_word' id='word_1_106' title='bbox 882 1757 981 1804; x_wconf 83' lang='lat' dir='ltr'><strong>omne</strong></span> <span class='ocrx_word' id='word_1_107' title='bbox 998 1759 1047 1824; x_wconf 77' lang='lat' dir='ltr'><strong>pe·</strong></span> 
     </span>
     <span class='ocr_line' id='line_1_16' title="bbox 95 1836 511 1909; baseline -0.02 -1"><span class='ocrx_word' id='word_1_108' title='bbox 95 1839 215 1909; x_wconf 68' lang='lat' dir='ltr'><strong>ulium</strong></span> <span class='ocrx_word' id='word_1_109' title='bbox 235 1860 327 1902; x_wconf 82' lang='lat' dir='ltr'><strong>sunm</strong></span> <span class='ocrx_word' id='word_1_110' title='bbox 347 1836 511 1901; x_wconf 78' lang='lat' dir='ltr'><strong>abducere</strong></span> 
     </span>
    </p>
   </div>
   <div class='ocr_carea' id='block_1_6' title="bbox 95 1956 1047 2179">
    <p class='ocr_par' dir='ltr' id='par_1_6' title="bbox 95 1956 1047 2179">
     <span class='ocr_line' id='line_1_17' title="bbox 101 1956 1046 2073; baseline -0.006 -21"><span class='ocrx_word' id='word_1_111' title='bbox 101 1988 105 1995; x_wconf 87' lang='lat'>&#39;</span> <span class='ocrx_word' id='word_1_112' title='bbox 174 1972 231 2052; x_wconf 79' lang='lat' dir='ltr'><strong>Sto</strong></span> <span class='ocrx_word' id='word_1_113' title='bbox 260 2002 321 2048; x_wconf 86' lang='lat' dir='ltr'><strong>nos</strong></span> <span class='ocrx_word' id='word_1_114' title='bbox 354 2004 482 2070; x_wconf 84' lang='lat' dir='ltr'><strong>quoque</strong></span> <span class='ocrx_word' id='word_1_115' title='bbox 518 1956 603 2047; x_wconf 81' lang='lat' dir='ltr'><strong>bona</strong></span> <span class='ocrx_word' id='word_1_116' title='bbox 631 1982 819 2047; x_wconf 79' lang='lat' dir='ltr'><strong>conscientia</strong></span> <span class='ocrx_word' id='word_1_117' title='bbox 839 1983 913 2055; x_wconf 69' lang='lat' dir='ltr'><strong>frui</strong></span> <span class='ocrx_word' id='word_1_118' title='bbox 939 1987 1046 2073; x_wconf 64' lang='lat' dir='ltr'><strong>spoliis</strong></span> 
     </span>
     <span class='ocr_line' id='line_1_18' title="bbox 95 2085 1047 2179; baseline -0.005 -26"><span class='ocrx_word' id='word_1_119' title='bbox 95 2087 207 2157; x_wconf 80' lang='lat' dir='ltr'><strong>mnndi</strong></span> <span class='ocrx_word' id='word_1_120' title='bbox 226 2107 412 2172; x_wconf 87' lang='lat' dir='ltr'><strong>possumus,</strong></span> <span class='ocrx_word' id='word_1_121' title='bbox 434 2105 615 2168; x_wconf 81' lang='lat' dir='ltr'><strong>quanquam</strong></span> <span class='ocrx_word' id='word_1_122' title='bbox 633 2085 741 2149; x_wconf 78' lang='lat' dir='ltr'><strong>cibum</strong></span> <span class='ocrx_word' id='word_1_123' title='bbox 756 2108 791 2150; x_wconf 84' lang='lat' dir='ltr'><strong>ax</strong></span> <span class='ocrx_word' id='word_1_124' title='bbox 803 2090 967 2179; x_wconf 71' lang='lat' dir='ltr'><strong>unguibus</strong></span> <span class='ocrx_word' id='word_1_125' title='bbox 981 2093 1047 2157; x_wconf 67' lang='lat' dir='ltr'><strong>har.</strong></span> 
     </span>
    </p>
   </div>
   <div class='ocr_carea' id='block_1_7' title="bbox 95 2184 1076 2284">
    <p class='ocr_par' dir='ltr' id='par_1_7' title="bbox 95 2184 1076 2284">
     <span class='ocr_line' id='line_1_19' title="bbox 95 2184 1076 2284; baseline -0.047 -18"><span class='ocrx_word' id='word_1_126' title='bbox 95 2189 252 2280; x_wconf 69' lang='lat' dir='ltr'><strong>pylatum,</strong></span> <span class='ocrx_word' id='word_1_127' title='bbox 271 2186 382 2252; x_wconf 90' lang='lat' dir='ltr'><strong>muudi</strong></span> <span class='ocrx_word' id='word_1_128' title='bbox 402 2197 433 2249; x_wconf 88' lang='lat' dir='ltr'><strong>et</strong></span> <span class='ocrx_word' id='word_1_129' title='bbox 453 2184 585 2250; x_wconf 81' lang='lat' dir='ltr'><strong>Diaboli</strong></span> <span class='ocrx_word' id='word_1_130' title='bbox 606 2188 725 2274; x_wconf 85' lang='lat' dir='ltr'><strong>eripere</strong></span> <span class='ocrx_word' id='word_1_131' title='bbox 745 2212 803 2256; x_wconf 70' lang='lat' dir='ltr'><strong>noa</strong></span> <span class='ocrx_word' id='word_1_132' title='bbox 825 2210 964 2280; x_wconf 74' lang='lat' dir='ltr'><strong>oportet.</strong></span> <span class='ocrx_word' id='word_1_133' title='bbox 986 2197 1046 2284; x_wconf 58' lang='lat'><strong>19⁸3</strong></span> <span class='ocrx_word' id='word_1_134' title='bbox 1071 2214 1076 2220; x_wconf 94' lang='lat'>.</span> 
     </span>
    </p>
   </div>
   <div class='ocr_carea' id='block_1_8' title="bbox 94 2291 1045 2491">
    <p class='ocr_par' dir='ltr' id='par_1_8' title="bbox 94 2291 1045 2491">
     <span class='ocr_line' id='line_1_20' title="bbox 97 2291 1045 2386; baseline 0.007 -26"><span class='ocrx_word' id='word_1_135' title='bbox 97 2294 183 2361; x_wconf 87' lang='lat' dir='ltr'><strong>enim</strong></span> <span class='ocrx_word' id='word_1_136' title='bbox 203 2291 339 2357; x_wconf 87' lang='lat' dir='ltr'><strong>oderunt</strong></span> <span class='ocrx_word' id='word_1_137' title='bbox 367 2309 446 2367; x_wconf 87' lang='lat' dir='ltr'><strong>nos,</strong></span> <span class='ocrx_word' id='word_1_138' title='bbox 475 2300 507 2353; x_wconf 90' lang='lat' dir='ltr'><strong>et</strong></span> <span class='ocrx_word' id='word_1_139' title='bbox 531 2300 665 2377; x_wconf 84' lang='lat' dir='ltr'><strong>nogant,</strong></span> <span class='ocrx_word' id='word_1_140' title='bbox 691 2312 725 2355; x_wconf 88' lang='lat' dir='ltr'><strong>se</strong></span> <span class='ocrx_word' id='word_1_141' title='bbox 752 2292 868 2360; x_wconf 82' lang='lat' dir='ltr'><strong>habers</strong></span> <span class='ocrx_word' id='word_1_142' title='bbox 890 2314 974 2384; x_wconf 81' lang='lat' dir='ltr'><strong>opus</strong></span> <span class='ocrx_word' id='word_1_143' title='bbox 994 2322 1045 2386; x_wconf 89' lang='lat' dir='ltr'><strong>pa·</strong></span> 
     </span>
     <span class='ocr_line' id='line_1_21' title="bbox 94 2384 1044 2491; baseline 0.002 -26"><span class='ocrx_word' id='word_1_144' title='bbox 94 2397 199 2465; x_wconf 80' lang='lat' dir='ltr'><strong>roobia</strong></span> <span class='ocrx_word' id='word_1_145' title='bbox 227 2407 257 2460; x_wconf 84' lang='lat' dir='ltr'><strong>et</strong></span> <span class='ocrx_word' id='word_1_146' title='bbox 283 2393 443 2459; x_wconf 82' lang='lat' dir='ltr'><strong>ministris.</strong></span> <span class='ocrx_word' id='word_1_147' title='bbox 490 2392 533 2455; x_wconf 80' lang='lat' dir='ltr'><strong>At</strong></span> <span class='ocrx_word' id='word_1_148' title='bbox 562 2391 649 2457; x_wconf 85' lang='lat' dir='ltr'><strong>Deus</strong></span> <span class='ocrx_word' id='word_1_149' title='bbox 680 2415 698 2456; x_wconf 90' lang='lat' dir='ltr'><strong>e</strong></span> <span class='ocrx_word' id='word_1_150' title='bbox 729 2384 837 2459; x_wconf 76' lang='lat' dir='ltr'><strong>eontra</strong></span> <span class='ocrx_word' id='word_1_151' title='bbox 858 2398 954 2464; x_wconf 75' lang='lat' dir='ltr'><strong>dieite</strong></span> <span class='ocrx_word' id='word_1_152' title='bbox 975 2401 1044 2491; x_wconf 85' lang='lat' dir='ltr'><strong>Ego</strong></span> 
     </span>
    </p>
   </div>
   <div class='ocr_carea' id='block_1_9' title="bbox 35 2495 1107 2692">
    <p class='ocr_par' dir='ltr' id='par_1_9' title="bbox 35 2495 1107 2692">
     <span class='ocr_line' id='line_1_22' title="bbox 96 2495 1107 2613; baseline 0.002 -47"><span class='ocrx_word' id='word_1_153' title='bbox 96 2508 178 2589; x_wconf 89' lang='lat' dir='ltr'><strong>opus</strong></span> <span class='ocrx_word' id='word_1_154' title='bbox 197 2500 299 2564; x_wconf 84' lang='lat' dir='ltr'><strong>habeo</strong></span> <span class='ocrx_word' id='word_1_155' title='bbox 319 2497 467 2575; x_wconf 80' lang='lat' dir='ltr'><strong>aeclesia,</strong></span> <span class='ocrx_word' id='word_1_156' title='bbox 487 2507 518 2560; x_wconf 91' lang='lat' dir='ltr'><strong>et</strong></span> <span class='ocrx_word' id='word_1_157' title='bbox 532 2518 593 2561; x_wconf 83' lang='lat' dir='ltr'><strong>vos</strong></span> <span class='ocrx_word' id='word_1_158' title='bbox 614 2495 686 2560; x_wconf 84' lang='lat' dir='ltr'><strong>estis</strong></span> <span class='ocrx_word' id='word_1_159' title='bbox 707 2498 845 2562; x_wconf 88' lang='lat' dir='ltr'><strong>ministri</strong></span> <span class='ocrx_word' id='word_1_160' title='bbox 873 2502 947 2566; x_wconf 83' lang='lat' dir='ltr'><strong>mei.</strong></span> <span class='ocrx_word' id='word_1_161' title='bbox 988 2505 1046 2568; x_wconf 70' lang='lat' dir='ltr'><strong>&#39;l&#39;o-</strong></span> <span class='ocrx_word' id='word_1_162' title='bbox 1102 2566 1107 2613; x_wconf 79' lang='lat' dir='ltr'><strong>t</strong></span> 
     </span>
     <span class='ocr_line' id='line_1_23' title="bbox 35 2598 1105 2692; baseline -0.013 -21"><span class='ocrx_word' id='word_1_163' title='bbox 35 2654 38 2659; x_wconf 84' lang='lat'>-</span> <span class='ocrx_word' id='word_1_164' title='bbox 96 2604 225 2670; x_wconf 80' lang='lat' dir='ltr'><strong>lerata</strong></span> <span class='ocrx_word' id='word_1_165' title='bbox 213 2602 314 2692; x_wconf 78' lang='lat' dir='ltr'><strong>agitur</strong></span> <span class='ocrx_word' id='word_1_166' title='bbox 332 2601 464 2690; x_wconf 86' lang='lat' dir='ltr'><strong>injurias</strong></span> <span class='ocrx_word' id='word_1_167' title='bbox 484 2613 515 2666; x_wconf 87' lang='lat' dir='ltr'><strong>et</strong></span> <span class='ocrx_word' id='word_1_168' title='bbox 534 2598 727 2687; x_wconf 77' lang='lat' dir='ltr'><strong>tyrannidem</strong></span> <span class='ocrx_word' id='word_1_169' title='bbox 748 2614 880 2686; x_wconf 85' lang='lat' dir='ltr'><strong>propter</strong></span> <span class='ocrx_word' id='word_1_170' title='bbox 893 2626 956 2668; x_wconf 83' lang='lat' dir='ltr'><strong>ma.</strong></span> <span class='ocrx_word' id='word_1_171' title='bbox 972 2604 1044 2690; x_wconf 78' lang='lat' dir='ltr'><strong>Ego</strong></span> <span class='ocrx_word' id='word_1_172' title='bbox 1102 2636 1105 2657; x_wconf 83' lang='grc'>,</span> 
     </span>
    </p>
   </div>
   <div class='ocr_carea' id='block_1_10' title="bbox 24 2702 1104 3622">
    <p class='ocr_par' dir='ltr' id='par_1_10' title="bbox 24 2702 1104 3622">
     <span class='ocr_line' id='line_1_24' title="bbox 96 2702 1104 2788; baseline -0.004 -13"><span class='ocrx_word' id='word_1_173' title='bbox 96 2707 231 2787; x_wconf 75' lang='lat' dir='ltr'><strong>durabo,</strong></span> <span class='ocrx_word' id='word_1_174' title='bbox 251 2720 287 2771; x_wconf 90' lang='lat' dir='ltr'><strong>ut</strong></span> <span class='ocrx_word' id='word_1_175' title='bbox 308 2706 490 2771; x_wconf 85' lang='lat' dir='ltr'><strong>distribuam</strong></span> <span class='ocrx_word' id='word_1_176' title='bbox 509 2703 617 2788; x_wconf 84' lang='lat' dir='ltr'><strong>aliqua</strong></span> <span class='ocrx_word' id='word_1_177' title='bbox 636 2702 769 2787; x_wconf 89' lang='lat' dir='ltr'><strong>spolia</strong></span> <span class='ocrx_word' id='word_1_178' title='bbox 757 2717 839 2769; x_wconf 78' lang='lat' dir='ltr'><strong>auter</strong></span> <span class='ocrx_word' id='word_1_179' title='bbox 860 2727 938 2785; x_wconf 82' lang='lat' dir='ltr'><strong>vos,</strong></span> <span class='ocrx_word' id='word_1_180' title='bbox 966 2702 1104 2773; x_wconf 81' lang='lat' dir='ltr'><strong>daiol</strong></span> 
     </span>
     <span class='ocr_line' id='line_1_25' title="bbox 95 2802 1044 2895; baseline -0.006 -16"><span class='ocrx_word' id='word_1_181' title='bbox 95 2814 215 2880; x_wconf 80' lang='lat' dir='ltr'><strong>bonum</strong></span> <span class='ocrx_word' id='word_1_182' title='bbox 234 2809 429 2895; x_wconf 84' lang='lat' dir='ltr'><strong>prinoipem,</strong></span> <span class='ocrx_word' id='word_1_183' title='bbox 450 2806 666 2891; x_wconf 85' lang='lat' dir='ltr'><strong>quipraebeat</strong></span> <span class='ocrx_word' id='word_1_184' title='bbox 681 2802 881 2889; x_wconf 86' lang='lat' dir='ltr'><strong>hospitium.</strong></span> <span class='ocrx_word' id='word_1_185' title='bbox 899 2809 980 2874; x_wconf 90' lang='lat' dir='ltr'><strong>Non</strong></span> <span class='ocrx_word' id='word_1_186' title='bbox 998 2810 1044 2873; x_wconf 85' lang='lat' dir='ltr'><strong>da·</strong></span> 
     </span>
     <span class='ocr_line' id='line_1_26' title="bbox 24 2894 1043 2989; baseline -0.005 -8"><span class='ocrx_word' id='word_1_187' title='bbox 24 2941 27 2945; x_wconf 93' lang='lat'>·</span> <span class='ocrx_word' id='word_1_188' title='bbox 89 2894 139 2985; x_wconf 76' lang='lat' dir='ltr'><strong>&#39;loo</strong></span> <span class='ocrx_word' id='word_1_189' title='bbox 160 2913 249 2979; x_wconf 80' lang='lat' dir='ltr'><strong>vobis</strong></span> <span class='ocrx_word' id='word_1_190' title='bbox 270 2911 378 2977; x_wconf 84' lang='lat' dir='ltr'><strong>orbem</strong></span> <span class='ocrx_word' id='word_1_191' title='bbox 397 2922 569 2988; x_wconf 85' lang='lat' dir='ltr'><strong>terrarum,</strong></span> <span class='ocrx_word' id='word_1_192' title='bbox 596 2898 682 2973; x_wconf 88' lang='lat' dir='ltr'><strong>sieut</strong></span> <span class='ocrx_word' id='word_1_193' title='bbox 712 2909 831 2975; x_wconf 77' lang='lat' dir='ltr'><strong>&#39;fureas</strong></span> <span class='ocrx_word' id='word_1_194' title='bbox 852 2910 945 2989; x_wconf 88' lang='lat' dir='ltr'><strong>dedi,</strong></span> <span class='ocrx_word' id='word_1_195' title='bbox 974 2912 1043 2976; x_wconf 88' lang='lat' dir='ltr'><strong>item</strong></span> 
     </span>
     <span class='ocr_line' id='line_1_27' title="bbox 95 3011 1044 3105; baseline -0.002 -24"><span class='ocrx_word' id='word_1_196' title='bbox 95 3016 263 3105; x_wconf 73' lang='lat' dir='ltr'><strong>Epicureis</strong></span> <span class='ocrx_word' id='word_1_197' title='bbox 284 3027 315 3080; x_wconf 90' lang='lat' dir='ltr'><strong>et</strong></span> <span class='ocrx_word' id='word_1_198' title='bbox 340 3014 510 3092; x_wconf 87' lang='lat' dir='ltr'><strong>usurariis,</strong></span> <span class='ocrx_word' id='word_1_199' title='bbox 538 3011 653 3098; x_wconf 84' lang='lat' dir='ltr'><strong>quihus</strong></span> <span class='ocrx_word' id='word_1_200' title='bbox 679 3027 803 3099; x_wconf 87' lang='lat' dir='ltr'><strong>oportet</strong></span> <span class='ocrx_word' id='word_1_201' title='bbox 828 3037 880 3078; x_wconf 87' lang='lat' dir='ltr'><strong>me</strong></span> <span class='ocrx_word' id='word_1_202' title='bbox 909 3014 1044 3100; x_wconf 85' lang='lat' dir='ltr'><strong>objioere</strong></span> 
     </span>
     <span class='ocr_line' id='line_1_28' title="bbox 65 3112 1044 3207; baseline -0.006 -22"><span class='ocrx_word' id='word_1_203' title='bbox 65 3124 174 3207; x_wconf 81' lang='lat' dir='ltr'><strong>&#39;opes</strong></span> <span class='ocrx_word' id='word_1_204' title='bbox 204 3118 333 3197; x_wconf 86' lang='lat' dir='ltr'><strong>muudi,</strong></span> <span class='ocrx_word' id='word_1_205' title='bbox 362 3130 394 3181; x_wconf 83' lang='lat' dir='ltr'><strong>et</strong></span> <span class='ocrx_word' id='word_1_206' title='bbox 420 3116 560 3205; x_wconf 83' lang='lat' dir='ltr'><strong>saginare</strong></span> <span class='ocrx_word' id='word_1_207' title='bbox 588 3137 642 3181; x_wconf 88' lang='lat' dir='ltr'><strong>eos</strong></span> <span class='ocrx_word' id='word_1_208' title='bbox 667 3118 708 3181; x_wconf 92' lang='lat' dir='ltr'><strong>ad</strong></span> <span class='ocrx_word' id='word_1_209' title='bbox 735 3112 898 3182; x_wconf 84' lang='lat' dir='ltr'><strong>aeternnm</strong></span> <span class='ocrx_word' id='word_1_210' title='bbox 930 3116 1044 3203; x_wconf 82' lang='lat' dir='ltr'><strong>ignem.</strong></span> 
     </span>
     <span class='ocr_line' id='line_1_29' title="bbox 45 3208 1045 3309; baseline -0.004 -20"><span class='ocrx_word' id='word_1_211' title='bbox 45 3208 48 3217; x_wconf 44' lang='lat'>¹</span> <span class='ocrx_word' id='word_1_212' title='bbox 96 3223 199 3295; x_wconf 89' lang='lat' dir='ltr'><strong>Vobis</strong></span> <span class='ocrx_word' id='word_1_213' title='bbox 221 3234 323 3286; x_wconf 89' lang='lat' dir='ltr'><strong>autem</strong></span> <span class='ocrx_word' id='word_1_214' title='bbox 344 3221 425 3287; x_wconf 86' lang='lat' dir='ltr'><strong>dabo</strong></span> <span class='ocrx_word' id='word_1_215' title='bbox 445 3220 689 3307; x_wconf 80' lang='lat' dir='ltr'><strong>portiunculam,</strong></span> <span class='ocrx_word' id='word_1_216' title='bbox 711 3244 790 3309; x_wconf 80' lang='lat' dir='ltr'><strong>quae</strong></span> <span class='ocrx_word' id='word_1_217' title='bbox 811 3222 871 3287; x_wconf 86' lang='lat' dir='ltr'><strong>erit</strong></span> <span class='ocrx_word' id='word_1_218' title='bbox 881 3220 965 3286; x_wconf 85' lang='lat' dir='ltr'><strong>sieut</strong></span> <span class='ocrx_word' id='word_1_219' title='bbox 977 3242 1045 3307; x_wconf 87' lang='lat' dir='ltr'><strong>spo·</strong></span> 
     </span>
     <span class='ocr_line' id='line_1_30' title="bbox 96 3324 1045 3417; baseline -0.003 -24"><span class='ocrx_word' id='word_1_220' title='bbox 96 3328 185 3394; x_wconf 88' lang='lat' dir='ltr'><strong>lium.</strong></span> <span class='ocrx_word' id='word_1_221' title='bbox 226 3327 270 3392; x_wconf 87' lang='lat' dir='ltr'><strong>Et</strong></span> <span class='ocrx_word' id='word_1_222' title='bbox 290 3325 317 3390; x_wconf 86' lang='lat' dir='ltr'><strong>si</strong></span> <span class='ocrx_word' id='word_1_223' title='bbox 337 3324 426 3391; x_wconf 83' lang='lat' dir='ltr'><strong>vobis</strong></span> <span class='ocrx_word' id='word_1_224' title='bbox 447 3345 563 3411; x_wconf 82' lang='lat' dir='ltr'><strong>magna</strong></span> <span class='ocrx_word' id='word_1_225' title='bbox 577 3324 724 3417; x_wconf 55' lang='lat' dir='ltr'><strong>¹molestia</strong></span> <span class='ocrx_word' id='word_1_226' title='bbox 744 3339 775 3390; x_wconf 88' lang='lat' dir='ltr'><strong>et</strong></span> <span class='ocrx_word' id='word_1_227' title='bbox 802 3325 916 3410; x_wconf 81' lang='lat' dir='ltr'><strong>labore</strong></span> <span class='ocrx_word' id='word_1_228' title='bbox 936 3326 1045 3415; x_wconf 74' lang='lat' dir='ltr'><strong>consti·</strong></span> 
     </span>
     <span class='ocr_line' id='line_1_31' title="bbox 96 3420 1046 3519; baseline -0.002 -21"><span class='ocrx_word' id='word_1_229' title='bbox 96 3433 186 3512; x_wconf 82' lang='lat' dir='ltr'><strong>terit,</strong></span> <span class='ocrx_word' id='word_1_230' title='bbox 206 3429 360 3519; x_wconf 82' lang='lat' dir='ltr'><strong>cogitate,</strong></span> <span class='ocrx_word' id='word_1_231' title='bbox 381 3449 430 3492; x_wconf 86' lang='lat' dir='ltr'><strong>rue</strong></span> <span class='ocrx_word' id='word_1_232' title='bbox 449 3427 568 3491; x_wconf 88' lang='lat' dir='ltr'><strong>muodo</strong></span> <span class='ocrx_word' id='word_1_233' title='bbox 590 3429 757 3517; x_wconf 74' lang='lat' dir='ltr'><strong>eripuisse,</strong></span> <span class='ocrx_word' id='word_1_234' title='bbox 785 3427 866 3496; x_wconf 84' lang='lat' dir='ltr'><strong>siout</strong></span> <span class='ocrx_word' id='word_1_235' title='bbox 883 3420 1046 3517; x_wconf 72' lang='grc' dir='ltr'><strong>ῑιιιιΙιιιιι</strong></span> 
     </span>
     <span class='ocr_line' id='line_1_32' title="bbox 97 3530 625 3622; baseline -0.025 -12"><span class='ocrx_word' id='word_1_236' title='bbox 97 3536 192 3611; x_wconf 79' lang='lat' dir='ltr'><strong>laeolr</strong></span> <span class='ocrx_word' id='word_1_237' title='bbox 212 3534 370 3622; x_wconf 72' lang='lat' dir='ltr'><strong>etsspolis·</strong></span> <span class='ocrx_word' id='word_1_238' title='bbox 387 3530 625 3621; x_wconf 81' lang='lat' dir='ltr'><strong>Aegyptiorum.</strong></span> 
     </span>
    </p>
   </div>
   <div class='ocr_carea' id='block_1_11' title="bbox 0 0 1122 4034">
    <p class='ocr_par' dir='ltr' id='par_1_11' title="bbox 0 0 1122 4034">
     <span class='ocr_line' id='line_1_33' title="bbox 0 0 1122 4034; baseline 0 1"><span class='ocrx_word' id='word_1_239' title='bbox 0 0 1122 4034; x_wconf 95' lang='lat' dir='ltr'><strong> </strong></span> 
     </span>
    </p>
   </div>
  </div>
 </body>
</html>
