2236 4034
274 132 283 149 κ
351 146 354 151 ’
410 224 415 231 ,
480 158 663 244 genesin
906 207 909 221 .
993 120 1067 233 1δόΙ

88 303 122 366 Si
143 304 282 389 quidem
303 304 416 368 Loban
438 326 503 371 noa
524 309 627 385 solum
649 306 747 372 soluit
768 307 845 370 deos
875 322 1050 397 argenteos,
1106 310 1110 318 ’

88 406 141 470 sei
162 409 263 467 etiam
285 405 347 468 fuit
365 429 494 484 avarus,
516 411 661 473 sordidus
682 425 712 473 et
731 409 847 494 pienus
861 414 955 489 vitiis,
970 415 1051 480 siout

89 508 164 575 inira
193 509 375 593 apparebit.
430 509 539 574 Potuit
570 512 672 600 igitur
700 513 792 576 iacob
824 536 860 578 ex
886 517 954 600 ejns
977 540 1049 584 oon.

94 613 267 676 versatione
287 614 469 694 eorrumpi,
492 625 521 677 et
540 615 648 677 moitis
664 614 745 678 vitiis
759 618 965 682 contaminari
975 640 1049 684 oon·

73 733 133 807 'tra
150 716 251 780 fidem
274 727 306 777 et
327 717 428 778 bonos
448 739 562 780 morea.
616 718 836 801 Respondeoe
861 718 935 804 Quo
962 720 1049 784 ireti‘

94 820 242 884 Druentia
264 831 335 880 erat
355 838 452 893 uxor,
473 819 612 901 paranda
632 820 817 906 gubernatio
848 820 997 884 eeclesiae
1017 834 1049 885 et

94 928 209 991 minua.
235 922 340 987 Erant
360 932 462 982 autam
484 920 666 986 Cananaeae
687 921 820 986 feminas
835 943 964 1008 prorsus
980 922 1048 985 ido·

92 1032 205 1105 letrae,
236 1028 307 1090 aine
320 1018 417 1091 'omni
436 1025 543 1088 verbo.
563 1024 634 1088 illio
665 1046 739 1088 reso
766 1025 799 1087 in
820 1026 915 1091 domo
935 1024 1047 1089 Nahor

94 1133 206 1219 reliqna
227 1131 291 1195 fuit
312 1131 415 1215 aliqua
437 1129 579 1214 cognitio
600 1128 744 1213 pietatis,
778 1129 851 1214 quia
878 1129 960 1194 linea
980 1128 1047 1191 sire
1109 1120 1113 1127 ¹

95 1239 178 1303 series
209 1236 347 1299 Petrum
373 1253 391 1294 a
416 1230 509 1294 Noah
541 1251 641 1314 usque
668 1232 709 1295 ad
737 1229 964 1308 Abraham‚=in
985 1250 1046 1316 qut

94 1352 271 1405 numeratur
297 1336 426 1411 Nahor‚
454 1331 548 1396 frater
575 1333 736 1412 Abrahae,
774 1335 879 1400 habuit
907 1334 1044 1396 verbum.

97 1444 281 1531 Quanquam
313 1440 399 1503 euim
428 1437 463 1501 in
490 1437 632 1501 Abrahae
663 1438 792 1501 domum
822 1451 868 1502 eat
898 1439 1045 1503 translata

97 1547 232 1619 onena,
263 1544 383 1607 mansit
407 1554 510 1604 tamen
538 1542 633 1604 etism
658 1541 691 1604 in
712 1540 829 1605 familia
846 1543 959 1607 Nahor
978 1565 1044 1608 var-

96 1651 161 1713 tum
178 1661 212 1712 at
226 1669 326 1711 verae
340 1645 463 1731 pietatis
472 1644 617 1707 studium.
641 1643 834 1710 Patrimobte
852 1645 935 1709 Loth
949 1645 1045 1730 aorip

93 1766 154 1815 trra
173 1750 301 1813 nuliam
322 1748 459 1830 amplius
479 1746 669 1810 mentionem
697 1744 777 1810 fauit.
830 1747 941 1812 Nabor
967 1766 1043 1812 vero

94 1854 194 1917 habuit
213 1851 373 1914 familiam
395 1850 459 1913 aira
482 1848 713 1931 posteritatem,
733 1851 767 1912 in
789 1872 851 1934 qua
871 1864 961 1915 uatus
985 1851 1045 1915 fnit

97 1956 185 2032 Hiob,
206 1953 270 2039 qui
291 1952 354 2016 fuit
373 1951 412 2016 de
432 1965 516 2015 terra
538 1950 601 2014 Ua:
637 1952 765 2037 quidam
792 1953 831 2016 da
861 1952 967 2018 Edoni
993 1952 1045 2017 tio·

95 2057 240 2121 transiisse
264 2068 339 2118 anm
360 2054 558 2118 contendunt.
607 2053 669 2117 set
698 2054 908 2140 Hieronymus
939 2070 969 2120 et
989 2057 1045 2120 ulii

92 2161 242 2225 ieiunant
273 2159 346 2241 ejus
374 2156 531 2241 originem
558 2178 576 2219 a
606 2156 733 2234 Nabar,
768 2158 863 2224 frutra
890 2159 1043 2222 Abrahae.

90 2266 145 2331 Est.
159 2284 249 2348 ergo·
265 2260 355 2323 Hiob
377 2260 528 2343 patruelia
548 2257 647 2341 ipsius
668 2259 773 2336 isaar,
792 2264 866 2348 quia
886 2275 934 2326 est
954 2282 989 2324 er
1003 2260 1045 2323 fa·

91 2368 168 2430 milia
187 2364 309 2429 Nahor
331 2362 495 2426 oriundus.
533 2361 665 2438 Dicunt,
687 2376 718 2425 et
736 2364 861 2428 Bileam
881 2385 917 2426 ex
938 2365 1045 2426 eadem

93 2471 196 2534 familia
228 2480 345 2530 natum
373 2485 455 2541 esse,
486 2463 539 2548 qui
566 2461 623 2527 fuit
644 2466 780 2548 primum
802 2478 926 2531 sanctus
948 2464 996 2527 sir
1015 2476 1046 2527 et

91 2574 155 2658 pins
173 2571 347 2635 saomdost
370 2568 424 2630 aad
444 2580 551 2650 postea
573 2583 740 2654 corruptus
761 2582 792 2633 et
809 2569 975 2632 subversus
985 2565 1045 2629 lar·

90 2674 262 2762 gitionibns
285 2671 372 2756 regia
393 2670 605 2734 Moabitarum
632 2673 738 2756 lapsus
760 2685 815 2737 est.
852 2670 899 2735 'Et
921 2674 1044 2747 volunt,

88 2802 172 2854 eum,
195 2774 313 2861 quiin
335 2772 421 2835 Hiob
444 2771 556 2836 dioitur
575 2774 692 2851 Elihu,
722 2795 787 2836 esse
814 2772 957 2850 Balaam3
990 2773 1046 2837 aad

87 2882 135 2943 illa
152 2878 374 2962 relinquimus
395 2888 540 2961 tanquam
560 2877 688 2940 ineerta.
730 2873 980 2940 Consentaneum
1000 2888 1045 2937 ta·

87 3006 152 3047 neu
182 2999 250 3056 est,
282 2978 372 3066 qnod
398 2979 454 3041 illa
481 2979 562 3042 linea
597 2979 843 3042 Potrinreharum
878 2976 1045 3040 servaverit

88 3087 304 3174 oognitionem
326 3080 386 3146 Dei
414 3080 505 3142 etiam
533 3094 615 3143 extra
637 3080 796 3145 eeclesiam
824 3078 986 3154 Abrahae,
1014 3088 1046 3138 at

89 3186 233 3247 manserit
253 3182 290 3244 in
309 3184 438 3266 puriore
460 3196 489 3246 et
508 3204 581 3246 vera
600 3183 761 3269 religione.
814 3181 884 3246 Hos
903 3179 1044 3265 primum

89 3287 277 3373 responderi
297 3287 341 3349 ad
360 3286 448 3348 illam
470 3285 681 3369 quaestionem
702 3296 814 3369 potest

163 3390 293 3453 Deinde
313 3389 434 3452 etiamsi
454 3389 603 3451 retinetur
624 3410 715 3451 sanae
748 3383 906 3450 doetrinae
926 3378 1046 3466 profea-

91 3489 285 3584 notamen
297 3511 425 3577 semper
444 3505 518 3554 sunt
537 3491 661 3553 admixti
675 3489 868 3575 hypooritre,
883 3499 913 3549 et
927 3506 1045 3571 eogun-

92 3605 138 3658 tnr
163 3616 240 3661 rara
268 3594 420 3679 pitteus
447 3595 482 3657 in'
502 3592 569 3657 ania
588 3592 730 3657 ooatibua
751 3613 825 3670 eos,
853 3587 910 3675 qui
939 3587 1047 3652 solutu
