2236 4034
442 138 622 287 penuaria·
883 131 891 156 ι
955 196 1012 266 139

63 352 174 416 ridere.
197 350 255 415 Eat
270 353 384 414 ⁴antean
403 370 479 415 caue
499 336 608 414 Moeee
635 341 755 425 figam,
786 366 879 428 qoam
901 334 1013 411 ‘maana

62 432 204 540 ὕστερον
237 432 425 543 arginem
447 452 534 536 priua
555 458 641 532 cuim
660 445 782 532 aufugit
801 448 904 527 iacob,
920 471 1014 535 qoam

63 560 220 628 resisteret
239 558 273 632 ⁸]
296 555 401 632 Esau,
423 544 680 642 eum'aufugicee.

132 660 308 729 ‘Postremo
334 670 527 722 acceeacrunt
552 659 590 720 ad
617 658 696 720 hanc
725 655 888 740 ingentem
916 655 1014 718 animi

64 763 331 848 perturbationem
355 760 487 824 Diaboli
512 746 613 847 ignita
641 758 721 834 tela,
749 756 866 842 quibua
887 755 1015 843 instiga·

65 866 105 927 rit
127 887 216 940 eum,
237 864 463 948 recogitaret:
484 862 554 937 En,
576 860 654 948 quid
673 857 760 923 feci?
795 858 899 939 Rapui
920 856 1013 923 bene·
1064 898 1090 945 χ

66 969 234 1030 dictionem
262 965 383 1038 fratris,
410 963 532 1027 turbavi
561 967 707 1042 domum,
738 962 859 1027 irritavi
874 961 1016 1051 'fratrem

65 1082 93 1130 et
114 1083 213 1130 totam
234 1067 301 1150 cjua
322 1065 472 1129 familiam
492 1080 522 1129 et
542 1068 725 1131 affinitatem.
762 1067 828 1131 Hac
849 1064 1017 1129 tentatione
1099 1114 1101 1119 ,

65 1173 148 1235 haud
170 1173 264 1234 dubie
283 1172 374 1236 Iacob
394 1193 458 1234 non
479 1172 592 1241 carnit:
615 1184 644 1233 et
664 1177 844 1256 quanquam
862 1190 912 1231 eae
931 1167 1016 1245 vicit,

66 1282 169 1337 tamen
191 1276 281 1339 valde
294 1276 517 1338 'excruciarent
536 1286 566 1337 et
585 1285 736 1337 auxerunt
747 1275 887 1336 animum
906 1272 1015 1355 ipeiua.

66 1380 99 1441 Ia
121 1380 182 1441 hac
202 1379 298 1464 igitur
317 1387 400 1451 tanta
421 1377 594 1463 moestitia,
614 1376 809 1449 turbatione,
831 1362 1015 1445 cumact‘la·
1071 1424 1074 1431 .

67 1481 181 1564 crymia
211 1460 347 1561 perrexit
373 1492 496 1542 canctue
526 1480 721 1542 Patriarchae
755 1477 900 1565 singulae
930 1480 1015 1543 enim

68 1580 317 1645 circumstantiae
337 1580 414 1644 talea
435 1595 527 1661 eunt,
546 1596 667 1647 utnon
686 1585 842 1646 immerito
862 1582 1015 1667 lacrymae

67 1685 125 1770 ipei
146 1687 345 1748 excuaaerint.
379 1704 381 1709 ’

145 1788 250 1850 Haran
271 1788 379 1852 ciritae
399 1802 461 1865 eat,
490 1789 526 1851 in
546 1810 641 1872 mam
661 1788 781 1861 There,
812 1785 1017 1871 paterdbra·

67 1893 142 1969 hae,
163 1889 247 1978 fugit
267 1913 302 1955 ex
322 1891 371 1956 Ur
392 1889 641 1972 Chaldaeorum,
661 1903 691 1953 et
711 1890 859 1953 habitavit
878 1889 935 1953 ihi.
963 1892 1017 1954 At-

68 2014 127 2080 qne
156 1996 232 2056 inde
260 2006 388 2056 vocatus
417 2006 462 2055 eat
490 1994 648 2057 Abraham
675 1995 708 2057 in
735 1999 858 2058 terram
878 1992 1014 2069 Cauaao.

66 2097 178 2159 Nabar
198 2108 318 2169 autem,
345 2092 440 2157 frater
460 2095 621 2174 Abrahae,
650 2099 819 2180 etpoeteri
840 2099 909 2184 ejue
929 2122 1016 2163 man-

67 2213 173 2262 serunt
194 2199 269 2261 illic.
308 2197 519 2280 Hieronymus
537 2198 632 2277 dicit,
660 2214 805 2262 vocatum
833 2222 899 2265 esee
921 2199 1018 2266 Char·

66 2325 143 2376 ran,
164 2315 195 2364 et
215 2301 273 2364 sita
293 2314 339 2363 eet
357 2301 392 2362 in
413 2301 641 2384 Mesopotamia
660 2301 740 2364 inter
759 2304 881 2386 Tigrim
902 2317 933 2366 et
952 2304 1018 2367 Eu·

66 2408 224 2490 phratcm‚
241 2424 305 2487 quo
317 2403 389 2464 loco
407 2403 713 2486 populoaRomauue
722 2404 881 2491 ingentem
898 2405 1017 2470 cladem

67 2508 193 2592 accepit
207 2508 286 2570 duce
296 2505 562 2570 Craaeoadreraus
571 2505 711 2581 Parthos,
727 2507 783 2592 qui
792 2507 910 2592 aquilae
919 2511 1019 2595 etrig-

67 2637 109 2676 na
122 2610 275 2675 Romania
284 2621 470 2691 rapuerunt,
486 2622 515 2672 et
527 2607 672 2672 Craaeom
682 2609 789 2692 'ipsum
805 2611 1020 2679 miserabiliter

68 2704 271 2778 oeciderunt.
279 2706 440 2785 „Venitad
447 2711 550 2772 locum
558 2718 577 2750 “
586 2726 640 2775 etc.
656 2713 1019 2781 MoaeeiuHebraeoain-

71 2816 178 2904 galeri
198 2812 294 2877 verbo
315 2834 388 2875 ueua
409 2826 455 2876 eet
475 2816 567 2909 1522,
596 2817 682 2901 quod
710 2837 775 2879 noo
803 2828 906 2900 poteet
930 2819 1019 2884 reddi
1073 2858 1079 2874 x

68 2917 267 2985 Germanice.
301 2915 385 2978 ldem
406 2915 487 2978 enim
509 2929 616 2995 nouat,
638 2920 722 3002 quod
744 2919 891 2984 dicimua:
914 2945 947 2986 er
960 2907 1020 2988 tra·
1042 2960 1047 2979 ι

67 3023 99 3085 fe
121 3022 203 3085 eben
223 3039 283 3095 aa,
303 3017 352 3080 rel
374 3019 510 3084 occurrit
529 3019 558 3081 ei
577 3021 685 3099 locus,
712 3021 874 3109 bagagnet.
912 3026 1019 3114 Signi·

67 3125 141 3188 ficat
163 3125 256 3187 etiam
276 3120 404 3185 verbum
420 3120 460 3185 id
478 3121 676 3199 intercedere,
696 3136 731 3185 ut
752 3144 845 3206 cupra
863 3128 912 3196 23.
934 3126 1019 3210 apud

68 3228 222 3312 Ephrour
267 3223 473 3301 „intercedite
501 3243 561 3310 pro
589 3247 657 3300 ma,
685 3237 720 3286 ut
747 3226 860 3289 vendat
885 3229 960 3291 mihi
987 3253 1020 3295 a.

68 3334 203 3414 grum“.
245 3325 318 3389 Non
345 3325 442 3409 igitur
467 3325 623 3413 siguificat
647 3327 777 3413 proprie
799 3331 920 3408 venire,
941 3336 1015 3398 aede

70 3430 210 3494 occurrit
239 3428 267 3492 ei
287 3429 392 3506 lucca,
420 3429 528 3500 incidit
554 3433 696 3496 inillam
718 3435 834 3495 locum.
875 3433 950 3499 Inde
969 3459 1019 3502 re·

68 3534 169 3598 fertur
189 3533 230 3597 ed
251 3531 517 3609 internectionem.
536 3525 703 3619 propterea
724 3535 810 3621 quod
830 3537 877 3616 ie,
891 3564 892 3573 ¹
904 3537 959 3625 qui
974 3540 1020 3610 ia·

63 3636 494 3733 Wfficiacerea
519 3670 521 3675 ‘
