2236 4034
374 179 609 265 genesis.
813 218 839 289 ⁸.
934 185 995 253 305

56 352 119 412 que
140 331 307 393 exeitarunt
328 329 451 405 ulteria,
479 350 581 414 neque
608 341 713 394 tamen
740 326 845 394 Mutet
865 335 994 398 mantio·
1015 312 1017 319 ,

56 454 129 494 nem
149 430 224 495 fenit
243 429 464 499 sacrificiorum
478 445 518 496 et
527 432 744 496 oblationum·
766 433 929 523 Relinquit
943 458 994 502 au

56 545 118 595 tem
146 533 256 597 laeteri
283 534 533 615 unnaaqnentiem
554 535 642 599 illam
668 549 699 599 et
718 535 994 617 ratinninatinnam,
1109 550 1112 555 '

56 635 143 716 quod
164 634 278 703 ibidem
299 635 457 710 sacrificia,
478 634 670 713 holocausta,
690 635 840 702 libamina
854 651 910 704 ete.
929 639 994 705 fne-

54 737 136 814 riut‚
155 737 210 799 ubi
231 747 301 798 aunt
321 737 462 800 conditae
481 759 561 801 arae.
614 763 617 767 ·
666 728 669 732 ¹

133 838 254 905 Rureue
274 859 345 902 vero
366 841 491 922 quando
512 842 617 905 Mnaee
638 839 849 904 ‹le-sanitatis
864 856 894 906 et
907 843 994 908 hnln-

56 943 170 1004 tauetie
190 941 341 1004 Levitinie
360 941 442 1026 agit,
462 953 526 1004 tam
546 942 711 1026 diligenter
731 946 906 1028 exsequitur
918 946 993 1008 ittet

56 1043 274 1119 mactationes,
293 1055 328 1104 ut
347 1065 385 1105 ne
407 1045 490 1125 piloa
512 1045 639 1126 quidem
659 1055 691 1104 et
709 1044 808 1125 pellea
827 1058 880 1108 ent
893 1068 992 1111 exere·
1085 1064 1087 1069 ’

54 1157 155 1206 menta
174 1155 356 1226 praetereat.
373 1143 461 1206 Nihil
479 1144 527 1207 ibi
540 1144 677 1207 inveniet
692 1157 816 1227 preater
835 1146 992 1211 thurifina-

56 1247 154 1308 tinnee
183 1258 213 1306 et
241 1246 438 1308 mentationea
459 1260 517 1308 ete.
557 1244 633 1307 Non
654 1246 746 1321 uiuit,
775 1246 851 1330 quid
870 1231 994 1312 ΙοιιιιῑιιιΙ

55 1350 97 1410 ait
117 1349 222 1423 Deua,
243 1346 322 1430 quid
340 1346 402 1430 ipsi
422 1348 505 1430 pneei
525 1346 600 1423 aiut,
622 1346 699 1428 quid
718 1349 857 1432 egerint,
878 1349 993 1431 quise·

56 1447 201 1511 erifiuant.
250 1448 335 1511 Sicut
362 1468 381 1509 e
409 1460 517 1510 eontra
543 1451 579 1511 iu
605 1447 743 1512 hietnriia
768 1450 895 1512 Putrum
914 1450 994 1518 nihil

55 1558 185 1632 prorsus
206 1549 317 1611 dicitur
338 1551 376 1612 de
397 1550 738 1614 mactationibuabnum
753 1564 805 1614 aut
820 1550 991 1617 oviumete.

55 1663 156 1711 utram
176 1665 294 1731 purtem
314 1653 511 1725 uaaervarint
531 1664 632 1713 utrum
645 1653 815 1715 uramarint.
837 1653 898 1718 Sed
911 1655 994 1737 prin·
1036 1706 1038 1711 s
1102 1670 1104 1675 '

56 1751 157 1833 nipale
177 1752 312 1829 additur,
332 1755 474 1818 videlieet
494 1753 670 1827 ιοιιοίοιιοι,
691 1775 769 1837 quaa
788 1753 907 1818 hebitne
921 1769 994 1819 aunt

56 1874 75 1915 a
95 1852 237 1915 Patribue
255 1855 296 1916 ad
314 1854 434 1918 alteria.
474 1856 580 1919 Mneea
598 1855 710 1931 horit,
730 1857 809 1932 brit,
830 1857 947 1935 aiedet‚'
957 1859 997 1926 in.

57 1955 106 2016 hia
125 1955 267 2042 legendis
288 1956 380 2034 nihil,
401 1957 462 2021 uiui
481 1958 575 2021 uitare
596 1957 821 2038 punitur,'eine
834 1949 992 2024 ullatuen·

56 2059 143 2121 tinne
164 2058 284 2135 thurin,
304 2060 367 2122 vini
387 2072 440 2122 eut
459 2060 556 2123 ulline
576 2060 756 2139 ohlttinnia.
859 2097 869 2119 .

135 2160 224 2222 launb
236 2160 334 2244 igitur
346 2164 413 2225 vult
429 2158 593 2225 aedificare
602 2163 705 2224 altare.
727 2146 763 2222 ΙιιΙ
773 2183 866 2247 quem
875 2165 993 2226 utum?

56 2260 145 2338 Deo,
167 2263 220 2345 qui
240 2264 392 2329 exaudivit
412 2285 461 2326 me
482 2263 517 2326 in
539 2264 588 2328 die
609 2262 816 2326 tribulationie
831 2288 917 2330 meae
933 2277 993 2333 eto.

57 2365 143 2426 Haeo
162 2377 232 2427 aunt
251 2389 322 2430 vera
342 2367 470 2443 ulteria,
501 2367 541 2428 ed
568 2389 648 2451 quae
668 2362 812 2429 tanrifinia
832 2369 889 2431 illu
908 2369 994 2433 bovi·

58 2488 99 2527 nn
119 2476 151 2526 et
169 2465 287 2528 hircina
307 2481 426 2530 tantum
445 2457 741 2551 umbrnalquuadam
766 2481 838 2531 aunt
856 2482 887 2532 et
906 2458 995 2556 aigne
1058 2464 1067 2474 ’

59 2581 189 2632 externa.
220 2568 282 2632 Se'd
301 2569 496 2644 concionari,
516 2568 621 2632 audire
642 2569 779 2645 verbum,
799 2571 912 2655 gratiae
924 2593 996 2657 age-
1036 2552 1046 2628 s

58 2692 108 2746 re,
129 2691 232 2747 orare,
253 2672 327 2733 heen
348 2676 511 2734 auut'vera
530 2670 688 2734 eanrifiuie.
739 2671 824 2734 Haeo
852 2673 995 2737 describit

57 2773 194 2836 Μοιιι
184 2794 217 2834 ιιι
235 2772 385 2835 Patribus
434 2772 569 2834 Externa
587 2773 641 2835 illa
662 2771 858 2838 aanrifiuin
830 2798 878 2837 vix
897 2780 994 2840 verbo
1052 2837 1059 2858 Ι

59 2872 189 2956 attingit
229 2873 417 2936 Praediuebo
439 2873 493 2950 ihi,
514 2874 618 2957 inquit
637 2874 740 2951 Iacob,
761 2879 994 2971 quomodnma·

60 2996 130 3037 cum
150 2970 242 3037 suerit
262 2975 364 3051 Deua,
384 2975 561 3060 ubicunque
580 2976 753 3052 ambulavi,
774 2981 934 3060 quomodo
946 3001 996 3043 ex
1059 2965 1061 2968 Ι

60 3076 210 3139 audiverit
234 3101 292 3141 me.
338 3079 474 3141 Proinde
501 3078 609 3144 offerre
640 3095 671 3146 et
699 3076 871 3143 sacrificare
890 3101 996 3143 revera

60 3181 140 3242 nibil
161 3179 248 3242 eliud
268 3191 322 3254 eet,
344 3200 435 3262 quam
447 3174 586 3245 confiteri
599 3196 630 3246 et
644 3184 768 3246 laudere
782 3179 894 3257 Deum,
910 3183 1011 3275 quud¹

62 3282 104 3343 ait
129 3294 233 3345 neuter
260 3279 367 3358 Deua,
394 3279 448 3364 qui
475 3284 549 3347 velit
574 3286 717 3348 exaudire
738 3284 905 3347 seeundum
924 3305 998 3366 pro·
1084 3339 1087 3349 .

60 3383 239 3445 missionem
259 3405 364 3460 auam,
384 3397 415 3447 et
435 3404 502 3448 eeaa
522 3384 721 3452 nobiscum
710 3408 744 3448 ιιι
765 3409 854 3450 omna
840 3385 996 3450 tribule·
1095 3447 1101 3452 .

60 3486 164 3560 tinne,
193 3497 224 3547 et
252 3486 381 3549 educere
407 3508 443 3548 ex
471 3499 581 3549 morte.
629 3485 664 3552 Id
685 3488 768 3550 enim
790 3501 835 3551 aat
855 3510 921 3553 atae
940 3488 997 3553 nn

62 3602 161 3651 etrum
180 3560 325 3664 neum„
319 3600 349 3651 et
368 3587 441 3650 huin
461 3591 577 3671 gentina
597 3610 706 3676 agera,
728 3574 814 3675 quud
834 3612 892 3658 nea
912 3614 999 3656 nura·

99 3697 211 3754 antheri
226 3697 279 3773 Op.
296 3711 396 3776 exeget.
415 3698 467 3767 tol.
476 3696 545 3757 vul
623 3767 626 3770 .
684 3695 725 3765 20
906 3774 910 3781 x
