2236 4034
347 134 351 141 Ι
429 172 609 262 geranio.
934 176 994 248 '195

109 322 258 389 Tandem
278 342 355 387 roro
382 340 456 386 cum
481 322 547 407 jam
575 307 720 387 defuncti
735 334 836 389 uarat
863 325 995 390 externia

64 425 421 502 nationibce,·moedit
440 425 570 510 insuper
591 424 757 489 domentica
777 438 853 491 cru'x
881 451 917 493 cx
936 430 994 493 i'm.

64 530 188 597 ubitam
211 542 245 593 et
264 529 463 593 coutumacia
483 527 542 592 filii
561 529 646 594 Esau
658 544 688 593 et
700 531 832 593 duarum
844 554 993 609 numum,

64 655 111 699 aaa
135 631 323 697 aadirimna
344 633 523 697 admodum
559 632 677 696 duriter
704 637 874 698 exercuima
905 622 1022 701 eanea'

64 750 182 803 reaten
215 736 266 799 Aa
294 734 330 798 in
356 736 470 820 primia
494 736 635 800 Rebecca
653 737 727 801 inco
755 739 881 825 gravina
909 738 993 817 tulit,

64 870 101 909 m
119 842 295 911 accederet
314 840 514 916 acilicitudo,
533 861 572 902 ne
590 841 836 926 primogenitura
857 855 886 905 et
898 844 992 907 hene·

64 951 125 1015 ctio
144 948 184 1011 in
205 946 298 1010 Esau
318 941 538 1006 transferretur
556 959 665 1013 contra
686 946 869 1008 sententiam
887 966 994 1009 oracu-

74 1051 202 1137 diriai,
219 1050 257 1113 id
279 1048 367 1132 quod
387 1057 418 1110 et
437 1059 526 1132 pater
544 1045 613 1131 ip'ae
633 1047 762 1131 agebat,
782 1060 814 1110 et
833 1049 920 1112 Eaau
942 1071 994 1113 eu·

64 1156 126 1221 ane
154 1153 222 1217 eibi
248 1152 426 1236 arrogabat.
462 1149 524 1216 Sed
543 1151 628 1215 lucet
648 1150 694 1214 ibi
721 1152 877 1215 mirabilia
898 1167 929 1217 at
949 1154 993 1217 dt

64 1282 101 1341 aa
126 1256 279 1342 potentie
305 1256 392 1319 verbi
418 1255 452 1317 iu
477 1255 708 1340 promiaeione,
749 1257 836 1341 quod
866 1278 993 1323 necem

64 1376 98 1429 at
115 1384 250 1426 manere
271 1363 439 1425 immotum
469 1371 500 1422 et
516 1356 662 1436 firmum,
690 1360 783 1423 etiam
812 1361 885 1445 ipro
906 1361 992 1427 Isaac
1052 1372 1056 1389 ¹

64 1488 90 1533 rr
107 1487 256 1530 errorem
274 1476 479 1549 repugnante.
521 1462 628 1549 Itaque
656 1463 790 1526 coneilio
818 1477 849 1529 ct
877 1465 991 1529 astutia
1025 1517 1027 1521 Α

64 1572 211 1647 ώσω,
234 1590 317 1654 quae
342 1568 490 1631 retinebat
515 1589 619 1632 reram
646 1569 829 1632 sententiam
861 1571 993 1653 promia-

64 1676 146 1753 onie,
168 1672 312 1759 pulchre
332 1670 504 1756 decipitur,
524 1685 560 1735 ut
579 1685 702 1756 praeter
722 1693 848 1736 omnem
869 1675 992 1759 opinio·

64 1801 104 1843 aa
133 1788 165 1843 at
193 1775 318 1839 inerint
344 1774 592 1839 benedictionem
622 1776 756 1839 debitam
776 1775 869 1839 Iacob
889 1772 993 1843 confe-

64 1893 90 1943 rt.
119 1877 209 1942 Eean
232 1898 312 1941 vero
332 1858 548 1963 benedictione
570 1879 697 1955 excidit,
729 1892 758 1941 et
787 1881 896 1963 dignae
917 1902 993 1965 poe·

64 2006 91 2047 ae
108 1979 286 2064 impietatis
308 1992 339 2043 et
360 1974 534 2068 contemtus
552 1980 621 2063 init.
672 1981 756 2045 Haeo
775 1984 916 2068 exempla
936 1987 993 2047 mi·

64 2089 179 2152 dilium
200 2083 410 2148 certaminum
431 2098 460 2147 et
480 2104 716 2161 aerumnarum,
745 2109 879 2170 quarum
898 2089 995 2171 plena

64 2205 164 2256 ttota
192 2191 261 2252 vita
294 2188 387 2273 hujus
414 2187 628 2266 Patriarchae,
658 2201 773 2252 exstare
801 2191 835 2250 in
866 2191 993 2254 eccleaia

64 2297 181 2370 rodcat,
202 2304 243 2355 ut
272 2293 480 2356 accendantur
498 2305 616 2357 mentua
645 2294 769 2378 piorum
799 2292 839 2355 ad
859 2295 994 2358 aimiiem

64 2399 256 2475 tlerautiam,
289 2380 562 2483 exspectationem,
590 2397 684 2461 fidem
710 2409 741 2460 et
766 2396 993 2464 invocationem

64 2502 237 2568 tadreraia.

111 2674 273 2759 Sequitur
293 2694 392 2759 porro
411 2670 552 2754 ,historia
579 2670 771 2734 Patriarehae
799 2669 910 2752 Iacob,
941 2674 993 2740 cni

64 2803 99 2844 on
117 2780 329 2844 incommode
350 2779 494 2863 quintum
514 2776 631 2837 librum
656 2776 781 2858 'grueria
808 2777 991 2843 tribuemus.

64 2898 210 2970 oatquam
232 2884 318 2946 enim
339 2883 469 2965 adeptus
498 2892 544 2942 est
572 2879 819 2943 benedictionem
846 2904 865 2943 a
892 2894 992 2967 patre,

64 2988 149 3074 :ejua
173 2987 346 3060 concilium
368 3000 398 3049 at
419 2987 534 3049 monita
555 2986 593 3047 de
621 2984 761 3046 ducenda
788 3006 882 3048 uxore
904 2987 992 3055 audi.

65 3105 93 3174 t,
110 3092 207 3154 nulla
229 3090 378 3173 deinceps
399 3090 514 3151 mentio
535 3086 589 3150 fiet
610 3085 694 3148 iaaac
716 3099 745 3149 et
764 3088 926 3154 Rebeccae
942 3114 992 3153 ua-

64 3217 94 3258 ne
122 3196 167 3258 ad
196 3192 398 3279 trigesimum
427 3194 570 3276 quintum
600 3200 708 3272 caput,
729 3190 784 3252 ubi
804 3213 993 3256 commemo·

64 3300 115 3362 ibit
134 3299 266 3373 Mores,
288 3298 451 3381 quomodo
472 3319 561 3359 senex
582 3306 611 3356 et
632 3278 744 3376 pieoua
766 3294 889 3358 dierum
909 3296 994 3360 Ieaao

64 3415 179 3465 ortona
200 3403 261 3477 ait,
282 3412 316 3462 et
334 3399 483 3462 collectus
503 3399 543 3461 ad
563 3398 703 3481 populoa
725 3420 806 3462 euos.
831 3399 898 3463 Eoi
919 3423 993 3464 vero

64 3507 119 3568 ian
138 3505 261 3568 interea
284 3503 463 3568 dominatur
481 3505 513 3564 in
535 3501 663 3565 ecclesia
683 3513 713 3565 et
733 3501 828 3564 domo
849 3500 946 3580 Ieanc,
963 3516 996 3566 et

64 3616 162 3670 utrem
190 3602 371 3692 profugum
399 3605 552 3695 hoatiliter
579 3600 798 3692 persequitur,
824 3616 929 3667 mmet»
964 3604 997 3667 la
