2236 4034
244 332 246 345 .
331 284 336 294 ‘
423 254 611 370 ‘geneaia
711 300 737 349 'ss
844 327 893 374 ‚3
951 280 1022 365 303„

70 453 138 499 era
156 433 228 500 lide¹
241 453 316 521 erga
337 432 438 495 Deum
464 445 496 498 et
514 431 790 511 reconciliatione„
831 429 942 496 deindo
963 452 1029 495 ca·.
1052 455 1062 466 ³

70 537 156 602 itote
179 560 252 623 erga
271 538 467 622 proximum,
491 560 570 623 quae
592 539 631 600 eit
651 530 839 622 perfecta'et
861 537 925 599 eine
946 537 1013 600 nlla

77 641 246 719 ffcneione.
287 640 393 702 Tertio
421 639 461 700 ait
480 654 601 704 externa
623 640 791 723 disciplina
816 639 849 700 in
869 660 1013 724 congret-

70 748 170 826 ilrua‚
190 760 225 808 nt
245 743 319 808 liant
340 743 446 808 omnia
466 743 611 807 decenter
633 757 665 806 et
677 736 809 817 ordine‚'
829 740 1011 808 1.Corintb.

70 851 113 926 -4,
137 863 180 925 (ι.
196 850 275 919 llll-l·
317 847 382 934 Qui
401 868 476 911 vero
495 845 663 934 'negligunt
680 845 755 922 iata,
776 841 959 928 significant,
980 869 1014 911 re

70 951 145 1015 ¹nihil
184 952 331 1028 credere,
367 963 397 1011 et
427 963 624 1012 contemnere
651 948 754 1011 Deum
783 960 814 1008 et
841 947 1013 1011 eccleciam.
1086 962 1088 969 ’

70 1053 179 1140 leque
195 1058 277 1117 enim
292 1057 325 1115 in
340 1066 431 1116 coetu
448 1053 655 1116 eeclesiastico
672 1051 802 1136 perinde
818 1070 877 1112 noa
893 1061 1031 1134 gerere,=

70 1154 1019 1240 rcintabernadebemna.Sedrequirituribigraritaeeliqua„

70 1282 77 1319 z
146 1262 231 1323 Haec
251 1260 388 1342 pulchra
408 1257 592 1319 reformatio
613 1270 676 1332 eet,
698 1280 760 1340 qna
780 1257 919 1340 primum
941 1238 1037 1320 doc-¹

70 1362 149 1427 rina
169 1374 383 1446 repurgetur„
396 1360 510 1425 deinde
533 1373 743 1447 expurgantur
763 1374 909 1446 peccata,
939 1382 1014 1423 utu-

73 1489 128 1543 τεο,
149 1465 250 1541 furta,
270 1466 414 1546 rapinae,
435 1463 598 1537 libidinem
618 1455 780 1545 postremo
802 1478 957 1540 monetur,
977 1475 1014 1527 ιιι

70 1570 174 1633 reetiat
194 1569 333 1651 populna
354 1582 384 1631 et
399 1569 573 1632 sacerdotes
594 1565 628 1627 in
649 1570 766 1650 templo
781 1570 918 1632 honeste.
946 1566 1012 1629 No·

70 1671 125 1739 atri
168 1669 386 1735 reformatores
425 1683 607 1756 pervertunt
643 1672 795 1733 ordinem.
853 1668 1014 1752 Incipiunt

70 1775 151 1844 :nim
172 1797 189 1836 a
210 1776 319 1839 colceia
349 1789 378 1837 et
398 1775 551 1849 reatibus,
580 1784 612 1835 et
638 1776 801 1857 superiora
827 1795 862 1837 aa
888 1775 1014 1891 potiora
1074 1836 1076 1841 .

70 1880 242 1979 negligunt.
283 1878 367 1940 lllud
388 1876 579 1939 efficiendum
600 1877 706 1958 potiua
728 1891 808 1952 erat,
836 1889 872 1937 nt
892 1897 947 1940 eor
966 1878 1014 1939 in·

80 2006 118 2044 ua
140 1995 218 2044 earet
238 2004 353 2065 purum
380 1977 569 2065 perfidem,
598 1992 680 2041 extra
707 1993 808 2041 antem
840 1999 955 2062 corpur
983 1994 1014 2044 et

70 2088 207 2159 membra
234 2111 312 2170 per
321 2085 477 2148 caritatem
506 2094 535 2146 et
553 2104 611 2169 per
632 2083 851 2146 caeremoniae
868 2082 959 2144 etiam
979 2082 1013 2144 in
1063 2140 1069 2151 ,

70 2191 180 2267 reetitu
202 2202 232 2251 et
253 2189 402 2250 moribus.

70 2330 75 2364 1
104 2352 107 2357 ,
147 2293 309 2354 Postremo
331 2290 363 2349 in
383 2284 545 2363 mandato,
569 2287 655 2367 quod
676 2285 765 2349 datur
785 2290 899 2368 incolt,
919 2293 1013 2377 plara·

70 2392 108 2458 tia
129 2395 268 2456 notanda
289 2405 342 2453 eet.
384 2391 540 2454 Debemus
562 2389 645 2448 enim
667 2389 747 2451 hanc
765 2393 958 2477 diligentiam
979 2396 1013 2458 in

74 2500 202 2563 cutione
232 2497 409 2561 Bibliorum
438 2493 666 2568 adhibere‚,nt
694 2515 730 2553 ex
758 2493 900 2558 Hebraeo
929 2509 1013 2561 textu

70 2623 254 2684 [uaeramus
283 2597 491 2682 patrocinium
517 2610 550 2657 ct
575 2598 749 2659 testimonia
778 2598 937 2662 doctrinae
958 2621 1013 2664 no·
1070 2678 1077 2683 -

75 2719 150 2768 trac
178 2705 216 2769 do
242 2700 417 2784 pluralitate
448 2720 652 2781 personarum
680 2700 714 2760 in
736 2704 813 2765 Deo.
855 2704 909 2770 Sio
930 2706 1013 2768 enim
1038 2773 1040 2780 s
1094 2704 1098 2709 ’

70 2789 182 2873 tabent
209 2804 320 2867 verba:
349 2804 460 2880 „Dixit
480 2801 552 2877 Dii,
581 2799 629 2870 fec
655 2802 722 2865 Deo
749 2807 883 2869 altare“.
924 2806 1011 2871 Haeo
1097 2874 1100 2879 ,

70 2910 191 2973 thracia
219 2906 388 2990 diligenter
418 2905 615 2968 observanda.
630 2919 689 2982 eat,
719 2911 843 2992 quando
866 2911 1011 2974 Deuade

70 3012 139 3079 Jeo
159 3008 309 3092 loquitur.
344 3005 411 3068 Etsi
432 3008 513 3068 enim
534 3005 603 3068 eim
624 3009 754 3071 eludunt
774 3011 894 3089 ludaei,
915 3026 945 3076 et
966 3014 1013 3077 di-

70 3126 155 3191 eunt,
176 3111 463 3177 eaeemutationem
483 3131 685 3191 personarum
705 3113 850 3177 unitatem
870 3117 903 3178 in
918 3117 1015 3200 scrip·
1036 3124 1041 3128 “

72 3240 138 3282 ura
159 3226 285 3299 cancta,
299 3214 385 3297 quod
405 3234 476 3275 eane
498 3231 603 3274 rerum
624 3235 691 3276 esee
712 3236 770 3278 nce
793 3237 918 3300 quoqne
940 3216 1013 3282 fata-

70 3342 158 3385 nnr:
194 3330 296 3380 tamen
330 3315 409 3376 nihil
435 3336 595 3378 moramur
624 3319 762 3383 ludaicaa
790 3318 1011 3421 cavillationes,

70 3444 148 3510 {naa
169 3441 233 3482 non
253 3418 424 3498 poterimus
445 3432 641 3498 convertere,
668 3422 747 3492 sicut
766 3440 825 3485 nec
845 3423 922 3486 alioa
941 3447 1012 3508 per
1091 3471 1094 3478 -

70 3529 198 3589 inanes.
251 3521 294 3586 Et
323 3520 398 3604 qnia
418 3520 577 3584 consentit
603 3544 674 3587 eum
704 3545 788 3588 noro
819 3538 1025 3612 tentamento,-

70 3628 236 3693 retinemua
256 3625 316 3688 hoc
336 3625 406 3688 loco
427 3632 469 3687 τὸ
485 3603 595 3711 ῥητονο

151 3728 247 3793 Ubi
234 3726 337 3812 igitur
354 3709 467 3803 Deua,‘
485 3739 538 3790 ant
557 3722 614 3791 Dii
632 3705 774 3813 loquitur
794 3730 832 3795 da
854 3732 940 3812 Ded,
957 3738 1009 3804 ibi

70 3833 285 3918 exprimuntur
312 3843 373 3894 trea
396 3848 567 3915 perronae,
591 3843 622 3894 et
652 3853 734 3895 anm
766 3832 864 3901 llam
908 3838 1022 3904 liam
