2236 4034
445 74 453 93 l
485 129 656 217 genecio·
987 130 1048 197 915

87 275 230 353 ctiaunm
249 291 282 343 et
301 278 477 355 ethnicum,
506 291 666 345 eteorum
688 303 793 367 opera.
833 277 871 342 Si
898 278 980 341 euim
1000 287 1047 339 eat

88 379 306 461 Christianus,
327 381 408 456 ride,
428 404 470 444 au
491 381 585 465 colat,
606 386 710 471 audiat
729 393 760 447 et
780 384 861 447 aerio
881 395 963 445 amet
982 401 1069 443 ver-.

88 483 188 559 bum,
224 506 265 557 au
300 498 478 547 exerceatur
516 487 609 550 etiam
642 509 733 551 cruce
763 498 794 549 et
826 480 1044 549 vexationibnr.

89 584 219 667 Quodei
239 576 281 649 ita
302 598 365 663 eat,
395 589 558 652 conveniet
578 591 619 653 ad
639 591 810 675 templum,
838 586 973 651 libenter
994 606 1046 647 au·

90 690 159 753 diet
189 690 338 764 verbum,
368 687 572 753 delectabitur
591 695 623 754 in
645 715 701 769 eo,
729 690 835 756 credet
861 712 897 753 ex
923 691 1046 767 auimo,
1093 678 1095 683 ¹

89 794 214 869 orabit,
251 793 368 880 gratiae
394 806 482 877 agat,
520 790 644 855 habebit
670 792 789 855 bonam
815 792 1052 858 conscientiam

89 894 177 959 Haec
197 895 226 957 ei
246 896 379 973 viderie,
401 909 468 959 tum
489 909 574 961 certo
595 910 714 975 statue,
745 910 777 960 et
796 895 948 961 admirare
976 913 1047 956 cum

90 1010 245 1081 tanquam
276 1011 417 1061 canotum
448 1011 478 1061 et
504 998 678 1082 placentem
705 1000 785 1065 Deo.
825 996 868 1065 Et
896 994 1048 1083 quicquid

89 1111 201 1181 poetea
221 1121 329 1163 rerum
350 1114 457 1187 geret,
482 1103 547 1167 aire
571 1104 605 1167 in
626 1105 829 1191 magirtratu,
855 1100 921 1167 rire
938 1099 974 1163 'in
995 1119 1046 1163 oe·

91 1202 261 1280 eunomia,
284 1202 368 1266 dioec
390 1223 456 1267 erae
477 1202 546 1269 Duo
566 1218 702 1290 gratum,
729 1205 816 1291 quod
830 1199 1047 1287 'remunerabi

90 1317 144 1375 tnr
164 1304 252 1369 Deua
271 1327 337 1369 non
365 1306 398 1367 in
425 1298 643 1385 brabantum,
670 1308 735 1372 aed'
753 1308 846 1371 etiam
874 1305 909 1369 iu
942 1303 1047 1385 futura

89 1409 163 1469 vita.
205 1406 294 1473 Sicut
315 1409 783 1496 dicituriuApocalypei(14‚
806 1409 887 1481 13.)=
911 1402 1048 1489 „Opera

91 1530 205 1595 eorum
230 1524 406 1597 aequantur
434 1512 549 1577 illoa⁸‘.
598 1514 673 1580 Non
708 1514 812 1577 solnm
840 1508 1047 1574 ecclesiastiea

94 1633 208 1697 opera,
227 1614 283 1678 red
303 1614 395 1678 etiam
416 1617 547 1700 politica
568 1633 598 1683 et
624 1616 835 1681 oeconomica.
874 1612 1048 1698 impiorum

95 1729 197 1779 autern
217 1727 248 1781 et
268 1716 464 1784 ethnicorum
494 1742 589 1805 opera
617 1740 683 1782 non
704 1719 831 1802 placent
850 1716 931 1778 Deo.
971 1710 1046 1777 ldeo

90 1839 160 1881 non
180 1832 451 1903 remoraturam,
473 1824 529 1886 red
549 1823 730 1905 moriuntur
749 1821 814 1883 aine
836 1815 960 1906 gloria,
981 1813 1057 1881 tiue'

92 1920 254 1999 memoria,
275 1921 342 1985 aine
362 1924 583 2003 admiratione;
604 1937 711 1987 nostra
730 1934 833 1985 autem
846 1920 959 1984 habent
977 1918 1048 2005 glo·

90 2024 170 2085 riam
191 2037 223 2087 et
243 2022 465 2109 inspectionem
486 2026 547 2089 Dei
567 2041 599 2090 et
618 2027 833 2113 Angelorum,
862 2034 892 2085 et
912 2026 1047 2107 aequuu-

91 2139 144 2188 tur
164 2147 226 2188 noa
248 2126 281 2189 in
303 2127 390 2192 illam
411 2127 517 2192 vitam.

173 2228 239 2293 Sed
268 2231 426 2295 rideamne
454 2244 590 2294 textum:
621 2225 777 2305 „lactarit
796 2222 929 2308 pedee“.
969 2218 1049 2284 ldio-

90 2332 204 2396 tiamua
226 2344 273 2396 ert
292 2334 452 2401 Hebraeae
474 2335 619 2418 liuguae,
639 2349 699 2413 pro
720 2351 784 2413 quo
806 2327 932 2414 rulgatn
952 2336 1069 2387 trente·

92 2435 166 2499 latio
180 2430 290 2499 habet:
312 2436 474 2501 Profectua
495 2448 549 2499 eat.
571 2431 655 2498 Vide
665 2444 778 2507 autem,
800 2453 894 2516 quam
917 2427 1049 2491 dicrimi-
1110 2447 1114 2461 ·

91 2538 132 2599 lia
152 2516 194 2600 ait
213 2552 384 2624 apparatus
404 2541 497 2623 hujua
528 2530 735 2621 profectionis
763 2534 918 2619 superiori
938 2531 986 2595 illi
1007 2531 1050 2595 le·

90 2640 231 2726 gudoni,
251 2642 380 2725 quando
401 2640 561 2704 Abraham
581 2636 676 2699 mittit
696 2658 839 2715 cerrum,
860 2647 895 2701 ut
915 2633 1050 2697 adducat

89 2764 221 2807 uxorem
242 2741 309 2806 filio
330 2757 361 2807 et
381 2742 508 2807 haeredi
527 2737 748 2825 promiaaionia
773 2736 870 2801 laaac·
910 2736 1050 2809 Mittitur

91 2847 182 2911 enim'
198 2861 267 2909 tum
288 2867 394 2909 cerrus
415 2847 584 2908 instructae
605 2861 703 2916 auro,
724 2855 871 2925 argento,
893 2840 1049 2918 oliuodiia,

90 2948 220 3013 camelis
240 2962 272 3012 et
292 2948 424 3012 bonetto
445 2948 603 3012 comitatu.
645 2943 858 3027 Quare-idem
879 2957 1049 3029 apparatur

89 3073 157 3114 nou
180 3051 366 3115 conceditur
387 3048 588 3124 filio-Jacob,
609 3069 682 3109 cnm
697 3033 771 3131 ⁸ipre
792 3067 922 3133 quoque
943 3068 1049 3131 aucep·

89 3168 121 3216 ta
143 3153 352 3237 promissione
373 3165 403 3215 et
422 3152 638 3215 benedictione
666 3149 706 3211 ait
727 3150 834 3215 haeres
863 3151 1049 3215 institutae?

89 3259 230 3320 Tantum
251 3256 386 3340 pedibas
408 3255 587 3345 ingreditur
608 3253 684 3327 iter,
706 3252 772 3315 aine
793 3253 961 3330 comitatu,
983 3254 1050 3317 eine

91 3358 241 3434 camelis,
274 3358 342 3421 aine
363 3361 429 3423 ullo
451 3372 575 3434 sumtu,
604 3355 656 3439 rix
676 3353 822 3419 viaticum
842 3355 941 3443 babet.
974 3355 1050 3418 Ideo

91 3463 157 3541 boe
176 3461 296 3526 idioma
318 3460 453 3525 Hebraei
474 3459 627 3522 aermonia
649 3458 878 3523 obsecrandum
900 3471 955 3535 eat,
975 3480 1050 3541 pro·

91 3577 165 3655 pter
186 3564 404 3629 collationem:
433 3561 591 3645 „beraut
612 3562 757 3647 pedea“‚
784 3561 837 3625 hat
863 3561 947 3627 aeine
969 3561 1049 3626 Fusa
