2250 4042
473 141 670 231 genesio
946 138 1058 218 'm‘

79 315 241 370 smorenr,
269 305 374 357 nmen
396 303 567 381 et-gestur,
595 305 626 359 at
646 291 741 356 rerba
762 291 888 380 singula
914 291 1035 380 signifi&
1108 324 1115 344 ι

82 413 177 476 aaut,
197 396 291 462 finisse
313 395 438 460 effeetus
459 399 492 461 in
512 411 648 484 utroque
661 393 900 472 ardentissimos,
922 409 952 461 et
972 394 1058 493 aab)
1108 456 1111 460 ,

82 527 174 567 mum
196 501 282 565 Esau
303 522 376 564 rare
393 503 550 586 planatum
571 515 601 567 et
620 498 865 564 reconciliatum.
883 494 1049 585 fcogitat

84 608 187 671 enims
217 601 305 688 Quid
333 624 403 666 oum
424 594 484 667 isto
510 604 615 690 agas?
656 605 715 668 Est
743 623 912 690 germanus
939 596 1037 665 meus.

87 711 124 776 Si
144 695 279 773 aio'Deo
300 706 405 770 risum*
422 703 498 783 fuit,
518 718 553 769 ut
569 705 819 771 benedictionem
838 726 857 767 a
877 716 965 788 patre
985 728 1039 769 am
1071 788 1073 792 Ι

86 811 198 888 ferrat,
218 831 285 875 non
305 808 469 886 invidebo,
489 829 547 872 nse
560 809 769 899 indignabor3
792 807 905 870 babent
924 820 956 870 et
976 827 1039 870 seu

87 929 140 982 ret
161 936 229 977 eam
251 911 320 997 sibi.
359 911 423 976 Alii
444 933 518 977 sero
540 914 733 998 cogitaruntr
760 910 811 974 En
832 911 980 973 misern‘m
1000 911 1039 975 il·

89 1019 156 1084 lum
185 1016 295 1092 Iacob,
328 1015 382 1098 qni
410 1027 482 1079 ante
509 1015 625 1102 viginti
652 1032 750 1080 annos
777 1012 971 1099 gloriebatur
999 1015 1039 1078 ds

88 1132 254 1208 praerepta
276 1117 512 1197 benedietione;
541 1140 613 1182 auru
640 1131 768 1205 oportet
793 1117 856 1201 jam
883 1117 1040 1183 ineurruri

91 1245 198 1290 eoram
218 1221 361 1309 prinoips
381 1232 413 1284 et
439 1221 567 1287 domino
587 1235 698 1287 nostro
719 1222 805 1287 Esau
826 1220 1040 1308 sbjeotissims.

91 1327 158 1393 Ubi
178 1347 264 1390 nuno
283 1337 330 1388 est
349 1324 543 1409 amplissima
563 1323 619 1405 illa
650 1323 755 1410 gloria
776 1337 807 1388 et
826 1345 897 1409 spes
918 1328 1041 1413 magni·

90 1432 149 1497 bea
170 1429 287 1495 tseobt
308 1428 376 1492 Nos
398 1428 546 1490 babemus
567 1448 669 1489 veram
691 1428 947 1510 benedietionem,
968 1432 1041 1518 quia

92 1555 188 1622 panes
209 1533 299 1598 Esau·
324 1541 369 1595 ett
396 1528 580 1613 imparium,
608 1529 694 1610 juxta
721 1531 978 1614 promissioneme
1005 1536 1042 1600 le

93 1638 200 1726 gladio
222 1634 396 1706 morirer,
426 1631 547 1715 eritque
574 1643 715 1716 ternpus,
746 1653 817 1696 oum
847 1656 975 1721 rumpes
995 1639 1042 1724 jn·

94 1765 171 1828 gum
192 1738 259 1824 ejus
280 1737 318 1803 de
339 1736 423 1800 eollo
445 1748 517 1798 tuor
546 1735 585 1797 de
606 1732 799 1801 ubertatibus
820 1752 920 1805 terrae
941 1756 971 1807 et
991 1765 1043 1808 ro·

69 1867 130 1909 -re
159 1844 239 1906 coeli
272 1841 365 1904 vires.
414 1837 504 1900 illam
533 1837 755 1923 pinguedinem
783 1855 901 1923 tarrae,
931 1838 1043 1917 aurum

94 1950 169 2013 item
191 1959 221 2010 et
241 1958 403 2031 argentum
423 1943 485 2025 jam
506 1940 673 2019 babemus,
701 1944 852 2010 dixerunt.
893 1938 1043 2016 Esan'si'·

94 2054 140 2118 vt
160 2053 201 2115 int
215 2050 332 2136 gladio,
353 2059 400 2109 est
419 2058 579 2132 pugnator
599 2046 759 2131 egregius,
780 2049 835 2132 qni
855 2050 986 2134 subjeoit
1006 2054 1045 2117 si-

95 2156 131 2223 bi
150 2154 293 2228 fratrem,
313 2162 345 2213 et
364 2149 442 2211 alios
465 2169 592 2233 quoque
611 2149 750 2232 populos
770 2151 969 2239 subjugabit,
992 2176 1045 2221 sm

96 2259 191 2323 euasit
220 2257 331 2340 jugum
356 2250 469 2314 fratris.
510 2251 553 2315 Et
581 2251 614 2313 in
643 2252 722 2318 bauo
750 2258 931 2318 sententiam
960 2257 1046 2322 Eson

100 2342 240 2423 docuisse
275 2355 514 2440 promissionem
547 2354 608 2419 sibi
640 2353 752 2418 foomm
784 2357 950 2422 verisimile
988 2373 1043 2425 eett

98 2463 193 2527 Hand
213 2461 306 2524 dubie
328 2481 396 2523 eam
423 2454 643 2542 amplifiosrit,
672 2478 735 2541 qus
762 2461 867 2542 potnit
887 2445 1047 2549 diligentis
1118 2484 1121 2489 ’

99 2576 132 2629 et
151 2565 310 2650 gravitate,
331 2560 482 2647 qoiaxfitit
503 2561 595 2643 hujus
615 2561 730 2623 sseonli
742 2564 961 2645 prudentiores
974 2578 1047 2632 sunt
1100 2560 1104 2565 ’

98 2666 174 2732 titiis
195 2665 292 2742 lueis,
318 2685 355 2730 ao
381 2677 513 2750 possunt
540 2662 726 2726 mirabiliter
753 2677 899 2750 torquere
927 2681 1048 2734 mntem

99 2770 177 2847 ties,
198 2768 225 2833 si
246 2789 324 2852 quse
345 2788 406 2852 pro
426 2765 504 2852 ipsis
524 2763 627 2829 faeere
646 2767 809 2847 ridentur,
832 2771 908 2854 quin
929 2795 966 2837 ar
979 2792 1047 2839 nno

100 2875 279 2936 ramusculo
300 2884 396 2936 toton
418 2871 538 2946 silvam,
559 2888 597 2931 ex
615 2866 748 2933 flosculo
769 2893 833 2936 uno
853 2886 955 2937 totum
975 2897 1048 2960 pur.

101 2988 186 3051 tnm‚
207 2987 236 3037 et
255 2997 290 3037 ex
309 2976 405 3039 verbo
425 2994 491 3038 uuo
513 2983 575 3035 tots
595 2971 701 3037 Biblia
721 2989 855 3059 possunt
873 2975 981 3043 faeere.

183 3077 262 3155 Nos,
282 3081 337 3164 qni
358 3078 505 3140 habemns
527 3096 612 3138 seras
632 3089 663 3141 at
682 3077 780 3166 longe
794 3079 961 3165 ampliores
976 3102 1049 3166 pro-

104 3181 266 3247 missiones
287 3196 318 3245 et
337 3179 581 3253 banadiotionas‚
602 3179 729 3241 nonita
749 3180 956 3263 admiramur,
983 3207 1050 3252 noe

104 3305 264 3370 urgemus,
285 3304 349 3344 non
370 3281 536 3344 dilatamus
554 3281 792 3363 amplitudinem
805 3282 894 3347 illam
915 3298 945 3350 st
964 3311 1050 3379 mag,

105 3382 292 3455 nifioentism
310 3385 419 3448 herum
441 3404 557 3458 rernm,
578 3380 657 3444 riost
678 3383 769 3467 impii
780 3405 841 3449 sna
858 3385 942 3449 bons
960 3400 1051 3478 ers'g-

104 3501 217 3579 gerant
237 3500 268 3550 et
287 3487 451 3550 illustrant.
492 3484 575 3549 Vide
601 3483 683 3547 enim
704 3485 904 3564 Pontificius,
933 3505 1050 3574 quanto

106 3593 210 3665 studio
231 3604 344 3681 urgent
364 3605 395 3662 et
414 3586 607 3683 amplificent
620 3588 743 3673 uniosm
758 3589 956 3660 sententiares
979 3595 1049 3681 „Tr
