2236 4034
80 127 123 195 22
215 83 861 219 ·Tri'gesiniunifflrimnm'eeput

56 350 64 364 ‚
84 271 132 338 bil
151 267 302 349 solvitur,
321 269 487 354 inquiunt,
507 271 563 339 sed
582 269 734 341 habemur
753 289 817 332 non
838 267 1040 344 anciliorum,

85 374 142 465 ssd
161 385 374 440 extraneorum
394 372 487 451 loeo,
512 396 549 439 ee
578 374 604 438 si
632 373 701 457 ipse
720 371 812 435 nobis
836 391 902 436 nun
924 370 964 433 sit
984 390 1039 454 ps·
1066 394 1073 406 ·

85 491 150 554 ter,
180 497 283 561 neque
302 497 362 539 nos
381 477 478 541 simus
497 476 595 562 ipsine
621 472 715 538 filiae.
755 474 804 538 lbi
830 496 903 541 eune
930 472 1041 560 posset

60 566 63 571 ¹
86 597 203 645 uetuere
224 591 370 663 anrtum
389 593 600 664 praeceptum.
625 578 728 665 ·Qnid
758 578 843 642 enim
870 576 964 640 hebet
983 596 1041 661 pe·

20 764 22 770 Α
86 691 210 747 ternum
230 665 341 744 beben
362 681 496 769 dignum
516 680 659 745 honore?
699 678 805 744 Bestia
832 692 929 745 estet
949 701 1041 747 mon·

85 796 195 854 strum
217 781 387 870 Quomodo
409 804 482 847 vero
503 783 680 858 celeseum
701 794 848 864 tunquam
862 772 1039 867 parentem,

88 880 145 972 qni
164 907 231 962 uon
250 883 318 975 vult
337 908 404 950 esse
422 898 530 971 pater,
549 904 608 948 nee
624 885 772 970 dignatur
792 898 822 949 te
841 886 956 950 hebere
977 905 1039 971 pro

66 1005 67 1009 ’
87 980 173 1066 tilio,
194 989 250 1053 sed
270 989 352 1052 exuit
369 1009 492 1053 omnem
507 1008 630 1051 sensum
652 1001 682 1053 et
695 987 837 1052 effectum
856 1003 1040 1073 paternum,

43 1129 63 1155 ιι
88 1110 125 1156 eo
142 1090 176 1156 in
194 1103 362 1186 tyrannum
382 1089 576 1175 degenerat?
921 1147 924 1151 Δ

104 1193 258 1269 Hune
286 1200 361 1259 vero'
388 1192 581 1276 tyrannidem
607 1186 783 1250 tolerarunt
813 1186 949 1272 optimae
977 1206 1041 1254 mu

15 1360 20 1366 Α
61 1339 65 1343 -
89 1305 200 1371 tronus
218 1304 301 1358 totos
321 1295 436 1382 viginti
450 1312 558 1368 annos.
600 1286 673 1370 Ego
694 1308 855 1373 nunquam
869 1301 1041 1375 putessem,

53 1440 55 1446 ·
89 1406 208 1460 tuntum
227 1393 366 1480 furorem
386 1396 524 1482 possein
544 1402 688 1456 naturum
707 1389 1026 1480 hominiseedere,
994 1413 1042 1454 m·

89 1496 117 1558 ei
137 1517 224 1560 mern
243 1495 373 1561 historin
391 1488 426 1561 iel
439 1505 610 1560 testaretur.
631 1489 782 1555 Vendidit
792 1512 859 1569 nos,
879 1491 1045 1578 inquiunt,

42 1623 45 1628 ·
90 1597 153 1662 beo
172 1609 235 1675 eet,
253 1598 382 1663 tradidit
400 1608 459 1664 nos
479 1596 538 1666 tibi
558 1613 617 1680 pro
637 1591 745 1685 lubere
765 1610 820 1660 tuo
842 1605 872 1659 et
892 1596 1041 1667 omnibus

23 1716 48 1730 ·“
90 1699 206 1777 bouis,
219 1701 298 1784 quse
319 1721 338 1762 e
357 1711 388 1763 te
409 1710 497 1782 purte
517 1708 597 1762 eunt
628 1697 686 1780 ¹At
706 1698 863 1779 praeclare
878 1692 924 1762 'de
945 1697 1041 1762 nobie

39 1801 43 1808 '
91 1809 193 1867 uuum
214 1814 260 1865 est
279 1800 340 1865 Dei
355 1797 530 1876 benefitio,
554 1798 647 1883 ‘qnod
666 1800 761 1862 telem
782 1813 933 1864 emtorem
955 1801 1042 1864 inre·

90 1903 211 1983 nimus,
232 1903 291 1989 qui
307 1922 367 1967 nos
386 1912 490 1979 ouret,
516 1902 579 1966 ulut
605 1913 637 1965 et
663 1913 795 1968 tueetur.
833 1892 1042 1968 'Maledictum

25 2061 28 2071 ,
90 2025 163 2072 vero
180 2005 383 2095 venditorem.
423 2006 558 2090 Propter
576 2025 634 2069 nos
661 2002 719 2067 tibi
746 2004 945 2068 serviendum
972 2002 1041 2082 fnit,

92 2108 137 2171 mi
156 2107 268 2186 Ieoob,
294 2119 325 2171 et
343 2109 403 2170 iste
424 2107 547 2183 omniu,
569 2124 656 2188 'qnae
675 2108 921 2195 vquatuordeeim
952 2107 1042 2171 ennis
1109 2146 1114 2152 ·

15 2210 17 2215 ’
91 2207 264 2278 ὀιιιιιιῑιιίοΔ
280 2208 387 2274 laboro
407 2209 606 2294 requisivisti,
627 2212 774 2275 solvende
794 2233 855 2295 pre
881 2211 983 2279 nobie.
1005 2210 1042 2275 Si

25 2368 30 2380 ‚
91 2331 163 2375 non
178 2298 400 2384 invenissemus
420 2323 571 2375 emtorem
599 2324 664 2375 tum
683 2299 828 2396 pium‘et
853 2311 1041 2393 beneficum,

93 2408 173 2476 feme
192 2413 286 2476 'nobie'
301 2413 409 2491 luisset
422 2416 625 2499 pereundum,
645 2431 699 2481 eut
717 2417 786 2502 ipse
801 2428 962 2499 pertaesus
978 2436 1042 2480 ser·

93 2510 221 2580 vitutem
242 2527 274 2579 et
288 2529 465 2600 egestatem,
485 2515 614 2607 fugisset
633 2519 748 2582 relictis
760 2517 852 2582 nobis
873 2530 904 2580 et
919 2539 1041 2597 socero.

75 2627 78 2634 '
173 2617 385 2683 Gruriseimse'
420 2632 500 2684 uerte
531 2633 562 2684 et
596 2620 747 2685 inauditae
783 2622 925 2706 querelae
960 2635 1041 2702 snut,

56 2782 60 2793 ,
96 2707 229 2802 quuium
249 2722 300 2784 rix
320 2722 407 2786 eliud
427 2720 531 2784 simile
552 2722 691 2786 invenies
712 2724 897 2806 exemplum.
937 2722 1042 2787 Iners·

96 2820 191 2885 dibile
211 2822 294 2895 euim
313 2835 374 2908 est,
398 2823 560 2886 hominem
579 2823 620 2886 ite
640 2825 800 2888 immutari
818 2839 849 2889 et
874 2812 1052 2910 degenere*

83 2945 146 3001 re,
166 2924 284 2988 nonin
305 2921 452 2999 hostiens,
472 2924 581 2991 sedin
601 2941 783 3009 portentum
803 2939 835 2990 et
862 2940 1041 2992 monstrum

96 3036 231 3109 neturue
271 3025 340 3088 Hoc
360 3024 440 3088 illud
461 3038 523 3103 est,
545 3030 632 3112 quod
652 3030 767 3093 dieitur
785 3030 901 3117 vulgo.
929 3031 1042 3097 Wenu

96 3126 144 3189 ein
164 3125 316 3211 Engel
289 3148 338 3190 ern
358 3125 466 3191 Teufel
485 3127 574 3206 wird,
595 3151 631 3193 so
648 3131 728 3195 wird
748 3151 782 3194 er
799 3154 859 3222 ger
877 3131 953 3195 bris.
976 3132 1041 3197 dia·

64 3246 72 3253 ·
95 3220 205 3291 bolum
226 3248 283 3303 eo,
303 3227 390 3312 qnod
410 3231 724 3313 “praestantissima
753 3246 783 3296 et
802 3235 956 3319 Angeliou
985 3257 1040 3308 nu

62 3353 64 3357 ·
96 3339 164 3392 ture
183 3329 387 3417 degenerarit,
406 3330 523 3394 fsetnm
544 3354 608 3396 esse
628 3335 896 3429 corruptissimum
917 3348 948 3399 et
967 3358 1041 3421 pes·

96 3413 217 3493 sim'um.
258 3429 358 3493 sie
329 3453 420 3519 virge
439 3434 583 3516 pudiea,
600 3449 767 3521 postquem
795 3440 891 3502 semel
917 3441 1040 3522 pudici·

93 3531 170 3594 tium
191 3534 365 3616 prostituit,
389 3533 470 3641 nibil
490 3549 619 3601 veretur
632 3540 798 3631 amplier,
812 3541 869 3608 sed
886 3541 1049 3626 perfiiost
