2236 4034
116 157 175 239 172,
262 123 534 239 'i'rigttimum
555 153 782 222 arraudum
808 161 943 236 ceput

114 303 230 388 aliquis
249 325 363 387 pareus
383 284 551 387 repit’filio
581 324 732 390 pomum,
763 323 840 390 quo
873 299 1055 370 deiwtthtu
1077 303 1078 308 ¹

112 427 211 492 puer,
241 427 306 468 nou
336 418 371 468 ut
391 402 529 488 aufugiat
549 420 580 472 et
599 421 760 470 aversetur
786 394 961 491 'pata-em,
973 404 1054 473 redet

97 510 215 605 ‘magis
236 509 380 575 incitetur¹
400 508 439 575 ad
459 520 579 590 patrem
599 508 888 593 amplectendum,
924 505 1055 575 oleatum

115 610 208 677 dum:
230 613 279 676 Mi
299 627 405 697 pater,
425 611 537 687 redde,
568 611 654 694 quod
681 609 863 675 abstulisti.
910 606 964 670 lbi
990 610 1054 677 dela

113 727 198 786 tatur
217 729 306 798 pater
326 717 497 789 tentatione
518 714 591 789 illa,
622 724 652 775 et
671 710 783 790 filius,
816 712 961 796 quaudo
981 715 1053 798 redpd

40 882 43 888 ,
112 836 268 913 pomum,-
283 816 440 888 ardentius
460 827 560 890 amat,
589 835 660 879 cum
680 813 788 892 videt,
820 811 919 898 patri
939 799 1053 897 voluptrii

114 936 181 990 asae
201 937 340 990 amorem
361 931 392 979 et
410 918 515 987 lusum
535 914 698 1002 puerilem.

161 1018 236 1080 ‘Hi
257 1014 374 1082 lusus'
365 1043 398 1081 ru
420 1014 603 1088 oeconomia
627 1025 701 1076 sunt
721 1011 964 1090 usitatissimi,
982 1014 1052 1081 seth

92 1118 206 1201 ,rebus
227 1130 257 1183 et
277 1120 496 1192 certaminibus
518 1130 693 1181 sauctorum
714 1117 910 1191 admodum
929 1132 1052 1203 graveret

113 1219 259 1285 difficiles.
299 1219 393 1289 Iacob
415 1223 497 1285 enim
517 1221 652 1307 ignorat,
673 1225 744 1308 quis
769 1221 813 1291 sit
835 1221 918 1295 iate,
943 1221 996 1303 qui
1009 1243 1050 1287 osu

112 1318 151 1391 eo'
172 1322 321 1400 luctatur,
343 1325 459 1401 nescit,
479 1344 545 1386 esse
564 1323 682 1390 Deum:
706 1310 792 1408 quin⁴
806 1329 939 1407 postea
958 1321 1051 1386 interre-

110 1436 185 1511 με,
214 1418 298 1513 quod
326 1424 365 1487 sit
392 1427 453 1510 ipsi
481 1447 608 1496 nomeu.
643 1425 831 1512 Postquam
863 1446 948 1490 reru
976 1426 1052 1511 arripi

108 1524 373 1602 nuntiationem,
392 1526 510 1613 inquire
533 1527 642 1603 „Vide
663 1528 851 1598 Dominum
879 1526 966 1591 sacia
984 1524 1070 1597 adis·

111 1630 228 1699 triem‘.
269 1627 317 1691 lbi
337 1649 419 1694 nova
440 1627 553 1699 laetitia
574 1643 604 1693 et
630 1631 693 1695 vita
712 1652 754 1699 ax
770 1629 972 1701 tristissima
989 1642 1053 1697 tant

109 1731 196 1805 diotre
217 1742 247 1795 et
267 1731 333 1819 ipsa
353 1743 456 1793 morte
473 1730 594 1795 exsistit.

191 1834 304 1896 Haec
295 1833 392 1929 rgitur
410 1833 541 1896 videtur
551 1855 617 1900 ease
633 1835 775 1905 doctrina
791 1834 907 1922 hujus
928 1834 1055 1925 historie,

110 1937 140 2003 ti
160 1937 257 2000 modu
277 1959 402 2028 possem
423 1958 481 2020 pro
504 1937 656 2024 dignitate
677 1958 746 2000 eam
776 1940 971 2035 explicare,
996 1942 1056 2026 quud

110 2040 198 2105 Deua
219 2061 290 2101 oum
312 2039 423 2102 sanctis
443 2038 508 2100 suia
527 2041 567 2102 ad
588 2039 766 2124 exemplum
784 2041 893 2111 Iacob
913 2043 1055 2126 aliquando

111 2144 190 2207 solet
212 2143 387 2222 colludere,
414 2143 501 2224 quud
521 2143 685 2225 adipsum
714 2143 854 2222 attinet,
888 2145 968 2208 lusu
993 2166 1057 2230 prun

111 2270 164 2313 sus
185 2245 308 2330 puerili.
349 2242 449 2307 Nobis
470 2255 575 2307 autem
594 2246 689 2332 longe
709 2248 803 2310 aliter
828 2262 1058 2334 apparetque

111 2350 255 2417 adhunc
275 2345 404 2409 modum
425 2357 531 2408 tentat.
573 2345 637 2416 Sed
665 2360 710 2411 est
739 2338 914 2431 optinuum
939 2364 970 2415 et
990 2353 1058 2420 mari·

110 2475 161 2516 me
182 2452 312 2513 salutare
334 2447 511 2513 exercitium
532 2470 568 2512 ac
578 2447 802 2535 perfectissima
816 2453 982 2530 eruditio,
1001 2476 1058 2536 quae

108 2553 205 2621 tinem
226 2551 438 2616 felicissimum
458 2552 603 2630 sortitur,
628 2575 758 2637 nempe,
788 2568 830 2618 ut
854 2572 1057 2644 cognoscatur,

29 2674 33 2681 '
108 2680 193 2745 quse
212 2658 251 2719 sit
270 2657 412 2726 uoluntas
432 2655 490 2718 Dei
510 2654 604 2732 bons,
624 2655 857 2746 beneplacens
872 2674 907 2722 et
931 2658 1055 2751 perfetta

108 2757 207 2825 Carni
227 2781 291 2822 non
310 2771 413 2842 potest
433 2778 497 2819 non
518 2756 616 2821 rideri
637 2758 736 2835 mala,
763 2762 934 2839 molesta,
965 2766 1056 2841 tristit3

109 2863 252 2939 sedtum
273 2861 358 2924 Deua
377 2859 458 2922 ridet
478 2857 677 2935 suavissime,
705 2880 776 2931 cum
807 2885 875 2929 nos
900 2854 1054 2949 ploramus,

107 2975 140 3028 et
161 2976 206 3026 est
227 2963 256 3036 ei
276 2961 502 3044 beneplacitum
529 2984 624 3047 super
651 2959 797 3033 timentes
820 2991 925 3048 eum,
958 2985 989 3040 et
1006 2993 1054 3056 ape

106 3073 212 3132 rantes
233 3087 327 3149 super
348 3064 608 3135 misericordia
580 3088 656 3149 ejus.

110 3180 132 3237 ᾗ
186 3168 293 3254 Auget
324 3180 426 3229 autem
453 3166 595 3229 dolorem
626 3180 656 3229 et
685 3169 943 3253 trepidationem
975 3174 1054 3239 carni

15 3357 18 3363 Ι
106 3274 232 3355 tentatio
255 3269 487 3355 desperationis,
509 3291 588 3354 quae
609 3271 688 3337 solet
708 3293 922 3355 concurrere,
945 3280 1055 3363 quaudo

49 3440 52 3453 ,
105 3380 230 3451 animus
250 3374 378 3439 afflictus
400 3375 541 3456 queritur
561 3393 594 3434 se
616 3373 772 3443 desertum
804 3391 839 3442 et
870 3379 1057 3469 abjectum·

105 3478 184 3562 Deo.
206 3477 291 3539 Haec
311 3487 356 3537 est
376 3477 486 3538 ultima
507 3488 538 3539 et
559 3473 743 3562 gravissima
768 3482 911 3545 tentatio
928 3484 1058 3547 diffiden-

104 3579 165 3658 tiae
186 3592 217 3642 et
238 3579 485 3660 desperationis,
514 3601 576 3662 qua
607 3577 710 3641 soleat
729 3583 873 3648 exerceri
897 3585 1014 3649 summi
1032 3607 1059 3649 ex
1096 3586 1099 3593 '
