2250 4042
100 182 164 251 348
262 179 537 267 'frigesimum
557 174 752 263 quietum
776 191 910 263 eaput

102 376 106 381 -
181 332 283 396 Porro
303 328 415 404 ltoob,
433 340 602 413 postquem
622 327 719 393 erexit
739 322 916 412 lapidem,
936 330 1047 393 eunden

99 436 196 501 eitum
217 448 328 511 servet,
349 455 413 519 quo
434 454 529 514 eupee
545 453 619 495 neue
639 444 704 508 ett3
725 429 843 495 fundit
863 432 1049 497 enimoleun

98 542 255 623 daupu,
283 560 321 601 eo
340 535 481 600 foetueeie
508 534 641 598 eundem
669 533 817 614 lepidem
840 538 977 619 aceepit.
1010 536 1050 597 tt

1078 184 1085 279 't

25 646 39 659 ‘
100 640 186 705 butio
204 654 305 702 eutem
324 652 369 701 eet
386 639 593 722 liquidorum,
611 646 647 698 ut
666 636 732 697 vini
747 640 934 722 praecipue
952 652 982 702 et
996 638 1049 700 olei.
1083 667 1087 679 ·

100 736 178 806 Fuit
196 743 273 807 titut
293 741 437 804 initiandi
457 752 489 803 et
508 737 666 823 ungendi,
687 750 804 819 poetee
826 762 849 801 n
867 743 965 805 Moee
978 743 1050 804 etien
1083 766 1086 781 ·

99 859 259 929 reeeptue3
288 844 315 906 ie
336 842 419 905 euim
438 840 533 929 ungit
554 838 725 901 sacerdotes
754 853 787 901 et
809 856 921 905 veetee
943 858 997 907 eto
1022 846 1052 907 ti

97 959 155 1012 eut
172 946 264 1010 leuob
285 945 553 1029 lepidemungit,
573 955 609 1004 ut
629 941 667 1003 eit
689 941 783 1005 looue
804 959 1011 1009 eoneeonetne
1028 957 1051 1008 et

99 1052 218 1115 diuntue
238 1049 325 1124 Deo,
354 1049 388 1113 iu
408 1068 474 1132 qno
499 1040 679 1109 conveniret
707 1042 851 1109 tooleeie
881 1050 925 1111 ed
946 1050 1054 1112 audien-

98 1154 177 1218 dum
197 1154 326 1217 uerbum
347 1152 426 1227 net,
447 1148 487 1211 ud
505 1144 733 1220 invocandum,
763 1149 806 1210 ed
833 1154 980 1237 egendee
999 1176 1054 1239 gre·

98 1252 166 1321 tiee-
206 1252 531 1339 Myeteriumomitto.
571 1248 657 1311 Haeo
677 1248 866 1315 benedictio
890 1254 1053 1338 corporalis

98 1370 148 1425 eet
167 1355 398 1422 eteoeetitutio
405 1352 581 1427 ecelesiae,
602 1360 633 1411 et
652 1348 764 1426 oredo,
786 1352 1050 1421 Putnierohumle

55 1538 60 1545 ⁵
98 1460 160 1525 oob
180 1459 254 1543 plue
275 1456 385 1521 leeiete
405 1456 467 1518 boo
487 1456 576 1529 loeo,
598 1473 692 1536 quum
714 1454 988 1537 eoripeitMneee.
1008 1458 1052 1522 de·

97 1582 159 1646 pru
178 1559 262 1625 enim
281 1568 388 1621 votum
410 1548 503 1633 feeit,¹
522 1576 556 1618 ee
577 1553 760 1616 oblaturum
781 1556 954 1640 decimae,
975 1563 1000 1626 ei
1018 1584 1052 1623 ne

98 1664 182 1727 diret
205 1660 392 1735 ineolumit3
424 1658 505 1723 ideo¹
525 1666 621 1741 puto,
653 1676 725 1718 enm
759 1654 900 1727 deditte
929 1665 1053 1729 decimu

96 1764 172 1830 mie
190 1762 279 1831 Ebee
298 1762 340 1827 ud
359 1760 625 1826 oontemtionem
645 1756 806 1825 eooleeiee.

96 1948 149 2021 Et
173 1944 356 2033 presenti
382 1955 472 2010 eunt
492 1943 537 2009 de
557 1943 717 2020 Betbeh
747 1964 932 2034 uumque
954 1947 1052 2012 ubet·

96 2061 188 2115 deut
206 2050 383 2134 jugerum
403 2045 488 2111 tevi
508 2048 554 2112 ub
575 2049 769 2133 Ephron,
789 2054 971 2137 peperit
989 2054 1052 2115 Re·

95 2154 180 2231 bel,
199 2166 236 2216 et
255 2153 305 2221 ob
325 2149 621 2216 difficultatem
647 2162 791 2235 puntue
814 2153 1051 2238 periclitari

96 2257 245 2341 ooepit.
295 2254 474 2340 Cumque
502 2254 563 2316 nio
595 2253 777 2337 greviter
814 2256 995 2321 heberet
1021 2258 1051 2317 in

95 2373 215 2445 perte
242 2379 330 2437 tuo,
357 2357 459 2419 dixit
485 2357 529 2420 ed
550 2377 631 2419 eum
657 2358 887 2421 obstetrix:
935 2359 993 2423 Ne
1018 2358 1052 2421 ti·

157 2482 315 2539 ..meee‚
334 2483 419 2524 nem
440 2473 479 2524 et
498 2461 600 2523 buno
620 2460 789 2523 hebebit
811 2459 973 2525 filium.

98 2604 127 2639 ι·
175 2582 373 2647 Vocabulum
395 2588 512 2670 ”222
533 2606 631 2647 unum
651 2594 698 2647 eet
717 2606 753 2647 ex
771 2584 863 2661 illie,
898 2607 985 2671 quoe
1003 2602 1051 2647 neo

95 2686 220 2764 ludeei,
248 2680 307 2750 neo
326 2708 385 2749 noe
405 2669 622 2774 intelligimus.
661 2686 705 2750 Et
728 2698 796 2750 totu
818 2688 942 2773 lingue
963 2690 1051 2751 multo

95 2801 179 2854 eeeet
198 2789 376 2866 obscurior,
404 2786 432 2851 ei
456 2810 515 2852 noe
536 2790 703 2855 Cbnittieni
721 2790 840 2853 I'a'etiue
872 2804 909 2853 et
932 2790 1050 2854 Germe·

94 2892 168 2959 uiue
187 2891 388 2954 treneletione
405 2892 584 2954 Bibliorum
614 2916 679 2957 eem
700 2915 764 2955 uon
791 2893 1049 2958 illustrantem

94 2997 215 3070 dudlei
231 2994 313 3059 euim
333 3014 405 3055 oum
426 2994 570 3058 dubit'eut
589 2996 628 3060 de
645 2996 818 3072 vooebnlo,
834 2999 1047 3081 aequivocum,

94 3114 130 3163 et
153 3082 362 3182 multiplicent
390 3090 654 3181 eignilioetionee‚
683 3112 714 3163 ot
742 3098 850 3183 mugie
884 3101 1049 3167 obeuurent

95 3202 161 3267 euie
180 3200 400 3288 :glottemutin'¹
440 3199 569 3263 Certent
596 3201 694 3288 igitur
720 3205 929 3286 grammatici
966 3205 1048 3267 etiem

96 3300 136 3369 de
156 3302 327 3378 bedente,
358 3311 389 3363 et
407 3302 510 3365 edbno
530 3304 588 3366 eub
608 3305 712 3388 judioe
733 3306 773 3367 lie
795 3318 853 3367 eet
903 3308 1047 3389 Hierony·

96 3428 167 3471 nunu
186 3406 259 3469 eetie
280 3406 426 3486 eopioeue
447 3417 510 3481 eet,
530 3406 604 3469 licet
624 3408 707 3468 mele
726 3406 972 3489 interpretetur.
994 3410 1047 3481 Ait,

93 3532 154 3595 pet·
173 3508 280 3573 LXX.
299 3508 485 3592 iuteipretet
505 3506 660 3571 redditum
680 3526 761 3568 enee:
785 3507 1047 3592 hippodromum,

95 3615 158 3679 boo
177 3622 242 3692 eet,
269 3609 391 3688 locum,
417 3610 473 3675 ubi
500 3622 634 3675 certetur
653 3628 748 3676 ourtu
762 3632 957 3696 equorum,
986 3634 1045 3679 oum
1097 3632 1102 3655 ¹
