2236 4034
94 147 143 214 80
245 115 247 121 Ι
268 139 541 227 'frigesimum
561 137 742 226 primurn
757 120 887 225 capnt

94 307 248 378 tanquam
267 291 449 368 idolatram‚
476 277 533 375 qui
552 300 616 353 tam
637 287 771 373 sollicite
792 303 825 355 et
846 287 1002 355 furenter
1018 290 1056 357 in·
1096 320 1112 360 ·,

22 387 27 398 ’
95 394 203 483 qtrirat
232 408 367 472 statnss3
393 396 449 458 ssd
477 392 557 458 nihil
582 395 710 459 affirmo.
750 393 862 459 Potuit
890 393 995 457 etiarn
1013 395 1056 460 -ob

94 501 179 563 harno
200 520 323 562 canam
342 491 454 575 facere,
475 510 510 561 nt
530 511 609 562 esset
628 499 732 583 major
751 499 921 562 simulatio
944 509 979 563 et
996 520 1056 584 spa·

94 601 179 678 cios,
201 601 289 685 quasi
309 622 373 663 non
393 602 497 664 solum
517 602 709 686 paratissima
725 615 803 665 esset
825 602 868 667 ad
891 623 1055 686 assurgen-

94 707 176 771 dum
195 708 276 788 patri
301 718 449 788 tanquam
477 701 542 766 lilia
569 705 840 782 obedientissima,
869 706 938 769 sed
969 706 1053 772 etiam

93 823 130 874 nt
154 808 267 874 ancilla
286 827 361 890 erga
382 805 546 868 dominum
575 828 608 870 se
630 820 720 893 gerat
739 807 854 882 timore
875 820 913 871 et
941 809 1053 874 sollici·

92 911 206 975 tudine
233 907 358 984 servili,
385 928 423 971 co
453 908 538 992 quod
562 909 750 992 impediatur
775 910 915 974 adversa
943 912 1054 977 valeto·

95 1011 387 1096 di·ne‚,1qnominus
408 1011 544 1074 debitam
564 1013 769 1078 reverentiam
792 1013 881 1098 patri
912 1013 1052 1081 exhihere

89 1117 208 1202 possit.
249 1114 401 1177 Mulieres
422 1114 558 1177 enimin
588 1117 684 1179 sacris
704 1117 804 1180 literis
826 1118 940 1180 solent
967 1121 1053 1183 mari·

93 1235 148 1286 tos
176 1241 250 1283 suos
277 1238 389 1281 vocare
416 1215 582 1294 dominos,
609 1218 700 1283 liberi
730 1241 796 1283 non
826 1220 923 1284 item.
965 1223 1051 1287 Pater

94 1323 155 1401 mi,
175 1319 280 1405 inquit
298 1316 441 1380 Elisaeus
462 1319 502 1380 ad
516 1319 632 1382 Eliam.
673 1319 737 1385 Sed
757 1347 974 1410 quaecunque
993 1339 1051 1391 tan·

2 1453 4 1457 ·
93 1429 171 1492 dem
191 1446 284 1489 causa
303 1422 397 1504 hujus
419 1421 636 1504 appellationis
656 1422 732 1502 fuit,
763 1430 806 1492 ad
826 1427 1007 1494 fucandnm
1024 1444 1050 1495 et

20 1582 23 1588 .
92 1529 273 1596 ornandum
292 1525 486 1627 mendacium
506 1527 740 1591 accommodata
755 1526 826 1594 snit.
867 1532 987 1598 Laban
1006 1557 1049 1597 au·

92 1649 163 1700 tarn
181 1631 298 1709 frustra
326 1642 357 1693 et
386 1630 576 1707 minitando,
604 1643 635 1693 et
660 1633 826 1696 nouando
853 1635 1048 1701 tabernacola

93 1739 222 1822 singula
242 1736 373 1801 insaniit.
415 1730 568 1814 Opponet
585 1732 686 1818 igitur
705 1734 797 1801 laaclr
822 1738 923 1803 aliam
942 1739 1047 1805 reluta·

92 1847 219 1921 tionem
238 1838 454 1906 conviciorum
473 1836 542 1920 ejus
568 1855 670 1899 aerem
696 1849 728 1901 et
756 1840 938 1922 prolixam
968 1841 1046 1907 risis

94 1950 159 2013 aim
179 1947 261 2008 enim
281 1940 373 2005 faciet
392 1938 572 2024 congeriem
592 1959 721 2002 snorum
740 1941 934 2007 meritorum
959 1955 992 2010 ct
1007 1946 1045 2009 in·

93 2028 296 2139 'gratitudinis
316 2042 436 2107 Laban.

93 2235 146 2303 Et
175 2227 305 2296 iratas
332 2234 390 2287 eat
418 2217 556 2296 Iacob,
592 2216 836 2305 rixatusque
877 2237 943 2290 est
971 2248 1051 2295 cnm.

94 2328 253 2407 haban,
281 2340 318 2391 et
344 2327 419 2389 ait:
451 2325 558 2410 Quae
587 2319 814 2406 iniquitas,
834 2339 916 2405 :ant
944 2330 1045 2415 qnod
1104 2374 1107 2379 -

94 2449 308 2531 peccatum
343 2451 485 2502 meum,
529 2423 578 2487 ob
615 2423 723 2508 quod
761 2425 818 2489 sic
856 2431 1045 2494 exarsisti

96 2557 195 2632 post
225 2563 291 2604 me.
346 2525 630 2599 contrectasti
667 2527 797 2591 omnia
828 2553 926 2595 vasa
957 2556 1046 2612 mea,

96 2644 196 2735 quid
229 2637 431 2735 invenisti
466 2654 508 2694 ex
539 2627 727 2692 omnibus
761 2634 877 2696 vasis
913 2636 1047 2703 domna

99 2744 217 2814 tuae?
257 2746 365 2807 Pone
393 2736 459 2801 hic
485 2754 622 2809 coram
648 2730 850 2798 frat'ribus
879 2743 999 2820 meis,
1018 2757 1049 2807 et

21 2847 31 2858 “
109 2846 314 2943 frptribns
334 2843 436 2918 tuis,
451 2854 493 2917 ¹et
513 2840 703 2925 judicent
722 2840 835 2902 inter
856 2865 918 2907 ma
941 2857 980 2909 et
999 2859 1039 2911 te.

150 2948 320 3037 l‘l'andem
347 2967 535 3031 excandescit
562 2965 675 3043 Iacob,
711 2963 806 3028 fretus
835 2966 1048 3035 admonitione
1112 2964 1116 3041 ff

93 3089 131 3145 aa
147 3072 362 3156 increpatione
383 3070 490 3135 divina
509 3071 548 3133 ad
562 3069 669 3133 Laban
689 3068 775 3132 facta.
797 3064 955 3135 Moretur
972 3073 1047 3137 enin
1116 3103 1118 3140 t

98 3174 286 3267 indignitate
306 3175 369 3253 rei;
399 3185 554 3237 ettamen
574 3174 674 3258 magis
696 3170 824 3239 confidit
852 3176 977 3258 jndicio
1006 3176 1048 3239 di-

43 3272 47 3283 ’
99 3289 191 3359 vino,
219 3302 312 3365 qnam
340 3299 396 3341 sua
415 3277 608 3354 innocentia,
635 3298 672 3337 ex
691 3276 748 3336 illo
779 3276 879 3341 sumit
909 3278 1048 3365 animans

101 3403 132 3454 et
152 3383 409 3450 consolationem.
449 3379 492 3441 Et
519 3379 581 3439 hoo
609 3377 677 3440 vult
705 3377 822 3439 dicere:
852 3380 945 3444 Deua
976 3384 1048 3448 vidit

101 3489 309 3558 humilitatem
330 3495 360 3545 et
379 3480 572 3544 afflictionem
592 3502 702 3556 meam,
723 3492 754 3542 et
769 3485 946 3566 increpavit
965 3499 996 3549 aa
1010 3485 1047 3548 ola

72 3606 74 3611 '
101 3589 317 3682 tyrannidem,
344 3607 437 3667 quam
457 3585 602 3650 adsersus
622 3604 672 3647 nae
691 3583 879 3648 arrercaisti.¹
900 3585 940 3650 Si
969 3588 1048 3651 anim

630 3710 632 3719 ’
743 3714 745 3719 ·
874 3684 1048 3790 finieram
