2236 4034
439 168 616 262 genesis.
787 246 791 262 Ι
943 177 1004 243 209

49 318 227 405 viventem,
257 318 411 402 ssootsm,
438 325 510 389 Deo
536 324 733 409 placentem
755 331 828 399 eto,
864 318 1001 387 Romen.

51 429 98 493 ll·
121 433 167 499 (v.
185 429 237 501 1.).
264 424 327 489 Hic
346 447 487 505 summus
507 426 624 511 gradun
645 437 693 501 est
712 422 793 485 vitae
813 438 1000 489 sanctorum.

127 525 250 591 Verum
271 525 548 615 uenoesnimom
570 526 847 611 despondeecmne,
868 532 894 591 ei
915 550 1002 593 sane·

47 642 97 695 tce
117 629 195 694 illos
214 628 322 692 Patres
343 630 469 693 nonnisi
496 631 530 693 in
555 648 677 692 sommo
698 631 799 715 gredo
826 644 870 700 et-¹
884 646 1001 720 genere

47 732 126 796 vitse
157 732 310 817 proponi·
324 732 520 810 audiremus,
557 731 629 794 ideo
655 744 764 796 rursus
794 733 920 804 deducit
946 754 1001 797 eos

45 835 134 901 neus
155 837 195 901 de
205 835 295 899 coelo
315 833 351 895 io
369 845 495 909 terrm,
515 845 545 897 et
564 835 608 905 ita
626 834 784 915 describit,
804 850 840 901 nt
859 836 1002 923 abjectio·
1079 892 1088 905 ,

46 939 198 1007 eimoeet
216 935 343 1000 infimae
364 936 459 999 sortia
480 934 635 1013 beminen,
661 930 798 1003 nt‘nibil
817 942 918 1024 possit
938 940 1002 1007 dici
1080 967 1086 980 ·

45 1040 213 1123 vulgarius
231 1050 286 1103 sut
297 1036 459 1123 abjectius,
479 1037 540 1099 niei
560 1037 647 1123 qnod
664 1054 914 1122 peccetaeorom
934 1063 1002 1108 non

46 1138 222 1209 laudentur·
263 1142 431 1207 Caeterum
458 1161 590 1225 prorsus
616 1141 736 1205 exiliter
763 1144 1000 1227 deseribuntur,

47 1245 139 1332 qnasi
158 1234 317 1330 reptsntee
336 1244 372 1307 in
400 1242 532 1327 pulvere
543 1244 769 1325 'oeconomioae
796 1259 827 1313 et
852 1250 999 1333 politicae
1074 1272 1081 1289 “

44 1348 138 1414 vina
184 1348 360 1415 Versantur
388 1346 474 1423 eninr
509 1359 541 1410 et
569 1357 750 1417 exercentur
775 1351 810 1415 in
838 1332 1011 1439 operibns,
1068 1364 1077 1379 '

45 1474 127 1540 qnae
147 1470 283 1539 prorsus
299 1448 416 1513 nullius
437 1451 649 1529 momenti„et
669 1451 734 1515 sine
754 1454 839 1517 omni
858 1455 1001 1523 eanotits·

46 1569 79 1621 te
98 1577 165 1621 esse
185 1554 346 1620 videntum
375 1572 449 1615 enm
476 1575 493 1617 e
514 1565 621 1617 contra
642 1552 785 1638 Pspistee
815 1540 879 1620 hbe
894 1546 1001 1622 soloin

48 1681 148 1747 genus
165 1657 246 1721 sitne
268 1665 417 1742 quaerent
436 1666 467 1718 et
486 1656 688 1733 admirentur,
712 1656 798 1742 qnod
819 1658 1001 1744 simpliciter
1086 1652 1089 1657 ¹

45 1775 93 1824 eet
112 1758 321 1833 mononem,
342 1769 372 1820 et
392 1756 568 1823 ellonem-a
587 1758 722 1845 negotiis
743 1762 961 1842 soecularibus,
980 1786 1000 1827 e

47 1860 226 1929 domesticis
247 1868 277 1924 et
296 1860 436 1945 politicis
465 1856 559 1925 orris.
600 1861 691 1927 lllam
718 1858 959 1929 abstractionem
979 1849 1034 1951 a,¹
1085 1876 1092 1903 '

46 1963 266 2051 corporalibus
288 1977 318 2027 et
343 1962 552 2027 sseoularibue
582 1960 689 2028 officiis
716 1976 830 2030 vocent
857 1967 999 2029 senente-

44 2080 108 2132 tem
127 2078 161 2131 et
180 2065 348 2150 justitiam:
371 2067 426 2128 eod
446 2065 536 2127 valde
557 2072 589 2143 el
606 2080 675 2133 toto
698 2069 786 2157 coslo
810 2080 921 2132 errent.
943 2069 998 2132 Sic

45 2170 130 2235 enim
151 2168 303 2234 debemus
322 2168 417 2233 fidem
437 2181 467 2232 et
496 2168 645 2253 justitiam
667 2190 833 2254 quaerero,
861 2182 898 2234 ut
918 2171 999 2236 deci·

44 2294 169 2339 memus
187 2284 323 2336 mentem
352 2284 382 2334 et
408 2271 564 2334 anethum.
605 2269 717 2347 „lineo
747 2272 829 2336 enim
856 2270 1001 2356 oportuit

46 2376 164 2454 fraere,
184 2388 217 2437 et
234 2374 292 2437 illo
314 2394 380 2436 non
400 2373 587 2450 omittere“',
608 2372 687 2435 sicut
709 2371 813 2459 iuquit
834 2373 998 2454 Christus,

48 2466 157 2543 Meum.
179 2481 230 2547 93.
254 2488 297 2550 (v.
311 2479 394 2551 Β),
421 2475 481 2540 hoo
501 2488 567 2553 est,
587 2477 662 2561 qnia
680 2475 854 2541 hohiamus
874 2489 906 2539 et
925 2476 1000 2541 vivi·

48 2586 116 2647 mne
135 2582 170 2644 in
191 2600 302 2655 ceros,
322 2578 393 2642 ideo
414 2577 556 2642 habende
576 2591 622 2642 est
642 2601 717 2641 eura
738 2578 853 2655 caruis,
874 2578 998 2643 excluso

47 2700 153 2751 tamen
173 2695 315 2769 peccato.
358 2680 439 2743 Sunt
468 2681 728 2746 administrandae
755 2679 953 2764 respublicae·
968 2692 1000 2744 et

46 2810 96 2854 ree
117 2784 362 2860 oeconomicon,
388 2783 417 2847 ei
445 2787 573 2868 quidem
601 2787 743 2851 noudum
762 2803 870 2846 snmus
889 2782 922 2845 in
943 2779 1023 2847 Pes
1057 2774 1060 2779 ’

48 2892 173 2969 ndiso,
201 2909 260 2952 nee
286 2892 393 2949 sumne
418 2887 536 2953 similes
555 2890 705 2977 Angelis,
731 2888 787 2951 sed
812 2885 944 2951 vivimus
964 2885 1000 2951 in

49 3014 155 3070 carne,
174 2990 239 3055 vite
258 2986 395 3065 animati,
415 2988 466 3050 oui
485 3010 565 3073 opos
586 3004 632 3055 eet
650 2991 739 3068 cibo,
759 3002 856 3076 poto,
875 2989 1000 3071 vertite,

48 3097 156 3169 domo,
176 3091 280 3177 prole,
300 3088 504 3175 agricultum
526 3114 605 3178 opne
627 3107 672 3158 est
692 3095 785 3158 etism
804 3095 932 3178 politice
941 3116 999 3179 gn·
1092 3150 1097 3159 .

48 3178 236 3264 bernstione
263 3206 295 3257 et
320 3190 497 3256 defensioue
526 3208 634 3258 conns
661 3195 770 3259 malos.
810 3195 918 3281 ltaque
945 3212 1000 3259 ne·

49 3322 134 3366 cesse
155 3310 203 3363 est
221 3296 356 3361 retinere
374 3294 445 3359 illes
466 3296 543 3359 deae
564 3309 666 3380 pertee
687 3301 769 3363 vitoe
790 3298 897 3381 hujus,
919 3319 999 3385 quas

48 3412 123 3464 snat
142 3395 263 3461 nnffire
282 3408 313 3457 et
332 3396 423 3460 tueri.
463 3396 585 3463 Domus
605 3402 700 3464 nutrit
720 3410 751 3467 et
771 3400 854 3467 fovet
875 3404 998 3487 prolem

50 3517 79 3569 ct
97 3501 266 3576 [omilim
289 3497 401 3581 politis
422 3498 558 3567 defendit
578 3517 733 3570 etutnetur
753 3502 830 3568 bseo
852 3504 967 3567 omnia.

129 3600 360 3681 Describuntur
392 3600 491 3689 igitur
518 3608 621 3673 seneli
646 3608 752 3673 Patres
778 3607 940 3671 humiliter
966 3621 1002 3673 et

87 3710 204 3765 umen
218 3710 271 3805 Op·
288 3725 388 3789 erepet.
410 3713 463 3770 vol.
477 3714 533 3774 vn.
684 3714 726 3786 14
1089 3712 1092 3717 ’
