2236 4034
463 182 633 287 genesis.
782 227 786 239 -
960 182 1021 251 235

83 337 191 413 debet,
210 356 247 400 ao
267 335 294 397 si
313 334 494 398 simulanter
514 309 572 396 eut¹
587 331 696 395 dolose
725 330 909 397 cumfratre
930 320 1021 423 igat3

82 443 138 504 sed
159 452 205 504 est
223 441 256 504 in
276 459 313 502 eo
334 439 455 500 animus
475 434 713 500 candidissimus
741 445 773 497 et
796 433 941 518 perfusus
967 437 1024 502 im·

42 541 51 546 ’
83 557 190 607 mense
209 540 327 606 laetitia
346 551 476 624 propter
502 536 611 600 lactum
633 535 924 603 reconciliationem.
965 541 1025 607 Est

85 665 209 707 securus
230 656 261 706 et
288 653 371 704 extra
396 659 519 702 omnem
540 651 657 700 metum
678 652 714 701 et⁴
727 638 918 722 perionlslln3
950 642 1023 723 idae

84 745 171 808 nulle
191 764 283 831 ceusu
304 753 350 805 ett
369 739 517 803 adulandi
536 754 589 803 eut
609 741 786 804 mentiendi.
1008 802 1010 813 ⁴

164 846 227 910 Sed
248 867 304 909 cur
322 863 387 905 non
407 839 563 925 profectus
582 854 628 902 eet
656 842 690 903 in
711 838 794 920 seir,
822 865 894 908 cum
924 857 1027 915 umen

85 947 270 1033 promittat?
309 944 516 1032 Respondent
544 944 619 1010 Non
645 943 706 1008 hoo
736 945 908 1027 promittit,
939 950 1029 1032 quod

86 1050 147 1112 hoo
172 1048 281 1117 itincre
307 1060 390 1112 recta
416 1047 450 1109 in
477 1046 547 1111 Scir
575 1049 649 1110 velit
676 1068 824 1136 pergere3
858 1048 915 1113 eed
940 1048 1029 1134 jubet
1074 1117 1078 1121 ,

86 1149 174 1214 Esau
193 1144 394 1231 praecedere,
424 1149 523 1212 donec
542 1160 691 1232 sequatur
716 1151 839 1234 ipsum,
865 1165 897 1215 et
922 1153 1030 1218 reniet

86 1253 122 1316 in
142 1251 218 1316 Scir.
246 1250 335 1317 Prius
355 1271 429 1314 vero
450 1250 578 1316 domum
598 1252 639 1315 ad
659 1272 764 1315 senem
784 1267 942 1336 parentem
958 1279 1031 1340 pro-

88 1356 185 1425 fectus
207 1367 270 1432 eut,
295 1369 326 1418 et
346 1376 418 1419 eune
436 1353 560 1429 iun-isit,
587 1375 680 1438 quem
702 1354 743 1416 ad
762 1353 887 1419 fratrem
918 1358 977 1421 iret
996 1358 1032 1423 iu

88 1459 167 1523 Scir.
189 1459 353 1522 Caeterum
374 1442 616 1520 cousentaneum
637 1469 692 1533 eet,
714 1457 835 1521 eumad
855 1455 981 1522 fratrem
995 1462 1032 1525 iu

91 1559 170 1636 Scir,
190 1573 243 1626 ant
264 1559 327 1623 elio
340 1557 374 1622 in
390 1559 461 1623 loco
479 1557 647 1643 sliquotiea
662 1578 862 1621 commeasses
884 1577 913 1624 et
926 1561 967 1627 ad
986 1584 1033 1628 ee·
1060 1579 1069 1586 “

90 1651 250 1756 pulturem
264 1661 362 1744 patrie
378 1673 534 1746 utrunque
549 1661 732 1725 convenisse
746 1659 826 1732 niltil
835 1661 967 1728 dubiam
977 1679 1031 1731 eet.

172 1768 293 1834 Russus
321 1783 395 1827 vero
423 1776 460 1824 ut
496 1763 631 1828 declaret
665 1763 910 1851 beneuolentiem
945 1768 1033 1834 sunm

93 1871 193 1944 Eeen,
216 1867 305 1943 dicit,
325 1876 357 1928 s'e
378 1863 458 1934 velle
478 1864 648 1950 adjungere
668 1867 795 1929 comitae
815 1867 924 1947 Iacob,
954 1892 1034 1956 qnos

94 1973 206 2036 habeat
234 1966 419 2032 defensores.
480 1967 542 2031 Sed
572 1970 692 2032 recuset
720 1968 832 2048 Iacob,
869 1986 1035 2055 propterea

95 2075 181 2160 quod
201 2073 265 2135 illis
285 2069 415 2133 molesta
435 2067 538 2136 futare
558 2082 637 2132 esset
657 2090 762 2149 mora,
789 2093 884 2156 quam
903 2075 1038 2139 traheret

95 2181 130 2242 iu
157 2177 264 2239 itinere
292 2185 421 2256 propter
447 2184 496 2234 tot
521 2171 752 2255 impedimenta.
798 2174 933 2238 Abunde
960 2177 1035 2241 setis

97 2279 175 2345 mihi
194 2289 259 2352 est,
287 2273 405 2358 iuquit,
434 2272 522 2357 quod
542 2273 623 2351 ecio,
651 2287 683 2337 te
703 2275 779 2338 mihi
809 2277 1037 2367 amicumsetee

96 2385 144 2451 lta
163 2401 239 2468 ergo
262 2377 422 2441 discedunt
440 2374 586 2458 utrinque
606 2389 680 2458 post
700 2374 817 2445 dietum
836 2379 924 2459 vele,
951 2380 1037 2454 Esau

98 2487 133 2560 iu
153 2484 238 2561 Scir,
257 2479 350 2550 lecolo
368 2498 442 2545 vero
462 2477 496 2548 iu
517 2475 656 2559 Suchoth
676 2491 732 2550 au.

100 2664 219 2740 leooh
250 2677 341 2722 vero
368 2654 580 2740 profectus
609 2670 669 2724 est
697 2658 740 2729 in
763 2658 963 2741 sochoth,
1001 2677 1041 2734 et

101 2761 297 2834 exstruxit
317 2759 396 2824 sibi
415 2760 587 2836 domum3
615 2762 687 2827 eed
712 2773 751 2829 et
777 2783 849 2845 pro
877 2766 1041 2847 pannii.

102 2874 176 2947 bus
196 2866 278 2932 suis
298 2859 395 2928 fecit
417 2863 695 2927 tabernaculo.
721 2863 838 2931 ‘Hine
857 2878 1041 2945 vocatum

170 2997 173 3002 ·
231 2961 941 3037 estuomenlociilliusSuohoth..
990 3026 994 3033 ,

184 3093 301 3170 Civitas
327 3089 465 3156 Sunhoth
493 3089 538 3155 sic
567 3087 647 3152 dicte
674 3101 722 3158 eet
752 3082 826 3154 tunc
854 3091 894 3172 sls
921 3091 1042 3175 affeetu,
1079 3143 1087 3150 .

106 3199 180 3286 qnia
206 3195 270 3260 fixit
299 3192 342 3258 ibi
368 3190 460 3257 leeob
486 3189 682 3261 teberndum
706 3209 767 3273 pro
793 3192 983 3275 pecudihue,
1013 3211 1044 3271 st

107 3299 279 3373 aedificarit
298 3297 427 3363 domum
446 3311 506 3375 pro
527 3290 652 3362 familie.
692 3292 795 3376 Atque
814 3292 858 3357 ite
874 3288 963 3364 sonet
982 3311 1044 3372 tax.

106 3420 177 3482 tus,
197 3424 233 3468 ec
253 3401 280 3470 ei
300 3395 478 3487 aliquandiu
498 3391 701 3478 permanserit
717 3413 762 3459 to
774 3391 848 3460 loco*
864 3393 968 3478 haul),
987 3421 1045 3474 nae

106 3507 203 3579 inerit
220 3516 340 3573 tantum
360 3498 576 3567 dieerficulum
595 3507 648 3561 eut
667 3494 834 3580 hoepitium
859 3502 951 3571 unius
969 3524 1047 3575 noa.

108 3611 150 3683 tit
169 3621 222 3679 aut
241 3604 320 3691 disi3
340 3605 395 3677 nt
414 3602 491 3677 tuat·
507 3601 696 3687 nonomen
716 3597 952 3687 warenne
963 3605 1043 3689 ¹ideo
