2236 4034
398 149 613 274 geneiisd
745 189 752 205 '
801 222 804 229 ·
937 197 1001 265 33>

104 331 167 400 Sed
188 336 306 421 multos
326 336 482 416 invenias,
504 336 565 421 qui·
578 335 659 399 hanc
680 335 876 421 superiorem
892 354 979 424 pote

60 450 133 502 stem
154 452 188 503 et
208 439 396 523 apientiam
410 442 449 538 ¹in
464 440 690 529 gubernatione
702 460 776 539 'non
792 444 977 527 sgncscnnt',

60 542 96 612 d,
116 542 145 603 si
166 543 248 626 quid
266 544 565 627 impedimentorum
592 539 759 624 objicitur,
785 555 916 625 putant,
944 534 987 623 'se¹

60 645 223 726 pedituras
240 646 365 715 rectius,
387 645 414 705 si
434 646 628 707 severitatem
648 644 680 706 in
696 644 813 728 posuis
824 645 977 727 majorem

60 747 200 821 thihesnt,
222 761 269 823 ut,
289 748 345 830 qui
363 760 492 829 parent,
512 759 596 809 metu
618 765 792 829 poenarum
816 753 978 811 coerceau-
1008 766 1011 771 ’

61 858 84 924 'r,
105 862 135 911 et
156 849 201 911 ad
222 848 430 911 obedientiam
450 849 501 910 rel
520 848 608 909 iuviti
627 848 803 932 sdigantnr.
824 845 883 909 Est
903 869 976 915 eane

60 951 209 1034 sciplina,
244 962 277 1009 et
303 971 339 1011 ea
369 950 495 1032 quidem
523 949 685 1035 graviore,
716 952 899 1035 praesertim
926 953 976 1014 his

59 1053 139 1114 nnis
159 1050 309 1114 moribus
326 1071 415 1134 opus.
437 1050 499 1114 Sed
512 1053 573 1116 hcc
586 1053 790 1117 certissimum
811 1064 865 1126 est,
888 1050 975 1138 qu'cd

60 1176 89 1216 ne
107 1153 259 1217 oratione
279 1151 357 1214 nihil
373 1175 512 1235 unquam
527 1155 682 1237 proficies,
704 1155 777 1239 qnia
790 1155 976 1248 gubernatio

60 1269 69 1317 t
86 1256 193 1319 dirius
222 1255 376 1341 quaedam
396 1254 510 1331 virtus,
536 1242 672 1341 ideoque
691 1242 783 1320 rccat
803 1258 887 1321 Deus
913 1281 977 1321 ma·

60 1374 172 1424 cretus
196 1381 309 1423 omnes
330 1358 423 1432 deos,
452 1380 515 1420 non
541 1358 672 1443 propter
691 1359 894 1436 creationem,
914 1361 977 1424 'sed

60 1474 154 1546 optes·
173 1460 494 1536 administrationem,
511 1452 594 1545 'quse
615 1473 662 1524 eet
681 1462 780 1524 solius
801 1461 868 1525 Dei.
911 1461 978 1546 Qui

60 1566 119 1643 itur
138 1577 191 1628 est
211 1564 246 1626 in
267 1561 431 1648 regimine,
451 1573 497 1624 est
514 1562 602 1646 qnasi
617 1562 793 1628 incarnatus
803 1562 898 1629 Deus.
920 1564 977 1629 Sin

60 1682 126 1751 ¹¹⁸³.
143 1676 269 1731 temera
289 1677 326 1735 ,et
343 1677 492 1749 tanquam
510 1665 609 1730 illotis
629 1665 772 1730 manibus
792 1667 916 1731 irruunt
936 1670 976 1733 ad

60 1767 288 1833 mercationem
311 1766 376 1830 sire
407 1768 571 1844 ecclesiae,
601 1770 665 1833 rire
685 1769 893 1851 reipublics'c,
921 1793 978 1834 eeu

60 1872 72 1935 i
89 1870 275 1947 familiaris,
296 1895 332 1937 sc
351 1872 520 1937 excludunt
541 1861 663 1949 Deum,
691 1891 754 1933 nou
775 1885 882 1947 orant,
911 1894 978 1935 uon

60 1975 198 2037 insulunt
219 1975 340 2049 Deum,
355 1976 424 2036 'ssd
443 1976 555 2063 volunt
577 1975 682 2037 omnin
708 1995 815 2059 regere
837 1974 977 2058 propriis

60 2078 167 2141 miliia
197 2089 231 2139 et
256 2077 395 2152 uiribus,
421 2076 467 2139 ihi
487 2077 618 2139 'tandem
646 2077 682 2138 in
711 2076 892 2139 oeconomia
919 2077 979 2140 hoc

60 2179 153 2253 euiet,
174 2192 212 2241 ut
232 2201 269 2240 ex
289 2180 418 2241 honeste
439 2188 469 2239 et
488 2177 603 2260 pudica
623 2178 758 2264 conjuge
771 2175 825 2241 fist
839 2192 979 2243 scortum

60 2281 218 2355 mimum,
247 2279 304 2349 filii
325 2283 527 2366 degenerent,
547 2301 584 2340 sc
603 2279 635 2339 in
655 2279 775 2341 lictoris
796 2293 979 2362 potestatem

60 2383 223 2447 munient.
246 2384 282 2446 ln
302 2378 412 2469 politis
431 2378 609 2455 turbabitur
626 2381 801 2464 respublica
821 2383 979 2444 seditioni-

60 2506 113 2561 us,
128 2486 246 2565 bellis,
268 2485 444 2547 latrociniis
459 2495 490 2545 et
510 2481 576 2543 aliis
594 2478 723 2543 infinitis
743 2482 899 2565 periculis.
942 2483 979 2547 In

60 2588 161 2651 celeria
180 2588 333 2651 exsistent
352 2589 501 2663 haeresen,
521 2585 700 2670 Epicureus
721 2598 894 2647 contemtus
913 2606 980 2649 ver-

60 2690 80 2765 i,
94 2686 274 2772 profanatio
295 2703 556 2754 sacramentorum
573 2701 627 2751 etc.
649 2687 783 2771 Quare?
804 2687 888 2772 Quia
908 2689 979 2753 talis

60 2789 265 2867 aurtsmiliss,
281 2793 443 2877 princeps,
463 2803 572 2874 pastor
583 2810 648 2850 nou
662 2791 807 2877 agnoscit
821 2808 980 2858 auctorem
1079 2840 1082 2845 -

60 2897 132 2959 unis
152 2895 281 2965 consilii
301 2907 332 2958 et
346 2892 592 2978 gubernationis,
612 2891 733 2968 Deum3
754 2894 809 2955 sed
822 2917 878 2956 sus
891 2897 980 2978 prse-

60 3001 187 3062 smticne
217 3010 250 3062 et
276 2997 457 3085 arrogantia
484 3018 516 3059 se
537 3009 568 3059 et
587 2996 685 3076 alias,
715 2994 828 3078 quibus
847 3011 980 3081 prseest,

60 3102 143 3166 ndis.

106 3201 197 3264 Haec
218 3221 255 3261 ex
275 3199 335 3262 istc
362 3198 435 3263 loco
455 3221 515 3284 pro
537 3199 679 3282 exemplo
710 3209 741 3258 et
767 3194 906 3258 doctrine
935 3197 980 3260 di-

60 3306 122 3368 uda
144 3302 267 3389 putori.
306 3300 448 3363 Primum
467 3315 503 3364 ut
523 3302 665 3376 sciamus,
686 3299 820 3382 primum
841 3298 981 3360 tabulam

60 3429 133 3494 gere
154 3405 333 3468 secundam
361 3406 444 3489 juxta
473 3403 568 3487 primi
592 3402 753 3502 praecepti
769 3401 982 3480 ,sententiam²

60 3531 96 3595 gc
119 3530 196 3574 eum
210 3505 377 3583 Dominus,
393 3506 478 3569 Deus
493 3519 574 3568 tuus.
597 3504 716 3566 Deinde
730 3516 982 3589 utsgnoscamus

60 3609 282 3674 isericordiam
301 3610 379 3686 Dei,
409 3610 466 3693 qni
485 3606 667 3670 mirabiliter
686 3604 842 3694 gubernat
857 3618 987 3693 ¹sanctor

60 3712 179 3767 numeri
197 3713 247 3781 Op.
264 3725 364 3784 erepet.
386 3713 436 3766 rol.
453 3713 505 3768 Vll.
588 3786 591 3791 ,
655 3712 678 3779 3
