2236 4034
10 620 16 665 l

275 154 279 159 .
445 172 649 278 genesio..
696 206 698 211 ·
862 207 865 210 ⁴
953 181 1011 249 191

58 329 214 415 praeuio,
236 347 316 415 quae
335 337 441 392 umen
467 308 528 391 hod
548 327 624 391 looo.
642 320 785 397 additnre
812 326 898 393 Deua
918 331 1012 396 beno·

61 433 138 496 dieat
155 431 234 508 tibi,
254 433 317 494 hoo
336 441 401 508 eut,
420 427 511 494 faeiat
531 440 561 492 te
581 445 719 491 oroeoare
739 440 796 492 oto.
827 430 929 517 Supra
948 436 1013 500 dio·
1093 508 1097 519 ¹

60 545 86 595 ta
114 543 161 594 eet
189 531 391 620 benedittini
417 531 469 594 hio
496 531 625 595 additur
651 526 759 591 oratio.
807 530 907 617 Saepe
927 538 1012 601 enim
1074 526 1078 540 ¹

63 634 170 699 dietum
201 645 265 709 eet,
293 634 357 699 duo
379 655 446 697 oeae
473 644 504 696 et
531 630 624 698 luieee
645 649 768 711 semper
795 633 897 696 officia
916 659 1012 701 aaeeu

62 737 169 801 dotalia
189 757 212 798 a
232 735 392 820 principio
413 734 532 798 muudi.
555 736 699 797 Alterum
719 743 766 794 eet
782 734 903 815 dooere,
921 742 1011 823 quod

13 838 16 845 ’
59 839 92 905 fit
113 859 175 923 pro
206 839 367 902 oonoioue
397 850 450 900 aut
476 836 511 911 iu
533 833 747 910 absolutione,
773 835 808 897 in
834 863 895 923 qua
920 843 1009 908 trado

58 942 189 1030 gratiam
211 941 273 1003 Dei
294 939 443 1025 sauguine
465 937 581 1002 Chrieti
601 935 825 1002 confirmatam.
866 944 1010 1009 Alterum

57 1056 97 1106 eet
116 1063 212 1105 orare
234 1049 296 1126 pu‘o
318 1063 351 1106 oe
372 1055 402 1106 et
422 1042 509 1118 aliie,
538 1041 625 1126 qnod
645 1038 713 1103 fieri
733 1041 812 1104 eolat
831 1041 915 1106 finita
935 1066 1028 1109 eon-1
1071 1122 1074 1127 ,

57 1144 160 1222 eione3
190 1142 370 1230 quamlibet
391 1144 476 1206 enim
503 1145 688 1207 concionem
716 1145 805 1229 aequi
830 1145 923 1234 debat
940 1170 1010 1241 prp-

56 1247 160 1310 nuo..
195 1243 269 1310 anf
284 1245 353 1310 eine
374 1258 450 1333 gute
470 1246 585 1330 Predig
607 1248 668 1311 eoll
689 1248 740 1311 eiu
756 1254 820 1334 'gut
838 1250 935 1314 Vater
954 1275 1011 1316 uu-

56 1370 101 1412 eer
120 1346 260 1433 fulgen,
290 1349 365 1434 quia
386 1350 539 1415 orandum
569 1366 614 1415 eat
634 1371 702 1436 pro
715 1352 907 1418 incremento
928 1350 1010 1431 fidei,

54 1465 87 1514 nt
110 1470 294 1513 oreeoamue
321 1451 356 1515 in
381 1452 616 1531 benedictione,
647 1474 687 1515 ne
713 1451 867 1519 Diabolus
894 1476 962 1518 eam
990 1477 1009 1519 a

57 1552 142 1617 nobie
162 1550 300 1617 auferat.
320 1554 488 1641 Utrunque
509 1558 606 1642 igitur
625 1554 671 1619 eet
686 1553 878 1618 faciendum:
900 1556 1010 1620 dooen·

60 1657 128 1721 dum
144 1667 180 1718 et
200 1655 359 1721 orandum
379 1674 443 1737 eat,
474 1660 546 1745 quia
566 1660 641 1721 liaeo
662 1669 735 1720 eunt
760 1655 823 1719 dno
846 1656 943 1720 offieia
962 1678 1010 1722 ea-

55 1756 249 1835 oetdotalia,
276 1760 384 1824 audire
411 1764 590 1847 loquentem
619 1762 741 1836 Deum,
774 1768 809 1836 et,
831 1757 919 1842 loqui
939 1780 1020 1851 oum¹

55 1861 118 1924 Deo
138 1859 291 1925 audiente
312 1883 388 1941 noe,
409 1866 590 1949 deaoeudere
610 1878 641 1928 et
660 1861 854 1928 adscendere.
881 1858 943 1922 Per
956 1861 1027 1943 beg

60 1961 290 2038 mellationem,
311 1987 372 2049 per
390 1969 576 2033 nonnionem
597 1976 626 2029 et
638 1986 696 2050 per
711 1962 1010 2029 administrationem

57 2077 326 2130 aeramentorum
347 2069 507 2133 deaoendit
519 2052 630 2145 Deus,
660 2081 691 2131 et
710 2066 851 2153 loquitur
870 2088 1010 2130 meeumz

57 2166 101 2229 ibi
126 2166 229 2230 audio
258 2189 329 2254 ego.
378 2172 422 2237 Et
446 2193 553 2236 rurant
581 2173 753 2246 adscendo,
780 2181 810 2232 et
837 2168 953 2253 loquor
978 2169 1011 2233 in

56 2289 143 2332 auree
163 2269 246 2349 Dei,
268 2272 423 2337 audientia
443 2275 612 2338 orationem
632 2296 742 2354 meana.

131 2371 288 2438 Notauda
303 2390 350 2440 eet
362 2392 392 2441 et
407 2378 576 2464 appellatio
586 2378 646 2440 Dei
663 2372 831 2464 singularia
844 2374 907 2436 hoe
922 2375 1010 2438 loooe

63 2464 157 2559 'llis
195 2498 217 2540 a
247 2469 339 2562 wll,
365 2479 427 2543 hoo
461 2492 506 2542 eat
532 2479 701 2559 tiberinae,
738 2478 890 2543 mammio.
942 2478 1011 2542 Hoo

62 2581 184 2643 nomine
219 2581 369 2667 dignatur
397 2582 547 2667 appellari
575 2583 678 2660 Deua,
704 2590 747 2644 et‘
763 2579 905 2644 convenit
939 2601 1011 2643 eum

58 2691 273 2775 appellatione
292 2692 414 2757 Gneoa
437 2682 685 2787 πολῦμαστος,
710 2706 910 2758 mammaeae.
959 2695 1010 2758 Ab

58 2795 169 2860 alendo
195 2809 227 2859 et
246 2794 385 2861 fovendo
406 2797 473 2859 vult
493 2796 663 2871 oelebrari‚
694 2794 767 2878 qnia
786 2793 870 2859 fovet
889 2784 1011 2858 univer-

59 2918 105 2960 aao
123 2910 295 2961 ereaturae.
336 2899 534 2964 Nou.eolnm
555 2912 601 2962 eet
620 2910 750 2972 creator,
771 2897 827 2960 aed
846 2897 937 2963 etiam
954 2919 1010 2959 nu-

58 2998 147 3064 tritor
168 3012 204 3063 et
224 3003 316 3065 altor.
358 3003 461 3087 Supra
489 3003 596 3066 eadem
621 3000 831 3085 appellatione
852 3000 894 3062 ad
914 3000 1011 3063 Abra·

58 3100 126 3164 liam
146 3125 228 3166 uene
250 3117 310 3168 eote
331 3104 433 3192 „Ego
455 3127 524 3170 eum
543 3106 630 3169 Deae
651 3104 866 3187 omnipotens,
887 3101 952 3184 qui,
967 3099 1011 3163 fa·
1099 3104 1102 3109 “

60 3203 105 3268 oio
126 3206 243 3269 omnia
262 3228 419 3287 creauere,
440 3209 565 3294 augeri,
585 3207 690 3271 vivere
711 3219 742 3270 et
763 3205 847 3269 ali“.
888 3202 1012 3266 lnvooat

58 3307 153 3393 igitur
173 3308 271 3372 Iaool)
292 3310 385 3376 illum
405 3312 526 3388 Deum,
554 3309 609 3395 qui
634 3330 701 3373 nou
731 3318 777 3371 aet
803 3319 926 3370 creator
944 3318 1011 3368 tan-

59 3420 141 3488 tum,
163 3413 222 3476 aed
243 3413 334 3478 etiam
354 3414 435 3478 altor
455 3426 485 3477 et
504 3414 655 3494 nutritor,
681 3425 719 3476 ut
738 3409 790 3474 det
809 3407 875 3473 lilio
896 3423 1012 3473 terram

60 3513 334 3599 peregrinationis.
374 3516 435 3579 Eat
454 3527 505 3578 tue
526 3527 628 3596 tenua,
656 3515 725 3578 vult
751 3513 872 3590 dicere,
901 3512 956 3575 aad
977 3525 1012 3573 tu

44 3633 91 3683 ‚et
109 3616 229 3701 lioepae
249 3630 279 3684 et
296 3608 484 3704 peregrluua
503 3617 536 3683 iu
556 3641 601 3684 ea.
643 3617 734 3684 Aliae
752 3627 841 3681 tenet
860 3635 948 3693 eam,
974 3624 1007 3679 ta
