2236 4034
36 154 66 201 k
112 151 153 227 78
283 145 555 239 l'rigerimnm
574 146 912 240 primumcrpnt'

112 295 207 391 quum
227 320 268 364 ne
288 297 323 362 id
342 296 485 393 quidem·
498 301 641 384 periculo
668 285 771 382 curet,
800 305 878 390 quic
907 302 1083 390 potuisset

72 398 79 410 ”
110 401 273 489 suspicari,
293 401 471 475 rioutsolet
484 405 618 493 ‚uvsritiu
637 417 667 470 et
677 404 851 491 hypocrisis
873 430 946 474 esse
970 409 1072 493 suspi-

110 529 182 582 cer,
203 507 327 569 subesse
348 505 465 569 dolum.
507 505 583 572 Nou
603 521 720 572 temere
739 523 795 586 est,
816 511 909 595 quod
930 509 1071 574 nonio·

110 609 203 673 venio
223 620 254 671 to
273 608 430 671 sedentem
450 608 523 670 loco
545 620 703 674 consueto.
733 611 866 696 Quid
839 636 869 678 ιι
888 614 947 683 hic
969 615 1071 680 latent

111 709 265 809 lell'll
305 713 459 799 Quodsi'
446 713 587 797 jussisset
607 737 675 780 eum
693 738 838 804 surgere,
858 730 897 781 ut
917 729 1071 783 excutere

112 822 297 891 etevolvere
318 829 486 907 strumento
505 833 624 904 posset,
643 819 752 886 fuisset
772 821 938 908 proditum
962 836 998 890 et
1018 825 1070 890 dc·

108 930 298 1017 prehensum
318 921 445 986 firrtum.
521 938 529 953 ’

190 1029 253 1094 Sed
287 1025 533 1112 pulcherrimum
562 1022 756 1092 menducium
793 1004 1068 1107 comminiscitur,

110 1133 221 1220 lingit,
247 1153 283 1193 se
302 1129 368 1213 peti
396 1138 551 1190 menstruo
571 1128 655 1213 juxte
676 1132 950 1197 consuetudinem
965 1156 1068 1198 sexus.

58 1307 62 1313 ,
110 1236 270 1302 Decorum
291 1247 392 1298 nutem
414 1244 474 1308 ert,
495 1244 524 1294 et
545 1232 676 1316 requirit
698 1235 778 1298 ratio
799 1235 1005 1314 valetudinis,
1028 1257 1068 1300 no

111 1341 223 1426 mulier
243 1339 300 1404 tuli
319 1351 462 1422 tempore
482 1319 570 1398 humi
591 1337 745 1414 desideat,
768 1337 855 1401 sed
844 1359 880 1399 ιιι
899 1338 990 1402 lecto
1008 1359 1068 1427 po·

87 1447 191 1534 'tius,
213 1456 268 1509 eut
287 1450 473 1513 strumento,
498 1437 907 1512 sideritlectus.ltu1n
927 1451 1066 1510 extreme

81 1564 84 1569 ’
110 1541 289 1610 necessitate
317 1534 348 1608 it
373 1542 516 1628 periculo
548 1544 651 1610 subito
678 1543 800 1608 invenit
825 1543 1008 1607 remedium
1035 1556 1065 1607 et

59 1664 62 1671 '
111 1651 296 1715 consilium.
327 1645 407 1709 sicut
426 1647 613 1729 exponentia
634 1659 778 1724 testetur,
805 1646 960 1710 mulieres
978 1645 1065 1708 sobi·

22 1748 40 1843 s‘
109 1753 150 1817 tir
170 1751 309 1816 consiliis
330 1750 542 1841 excogitqudis
570 1749 672 1814 valere
699 1749 882 1834 plurimum.
925 1749 1064 1834 Adjoru·

86 1869 164 1938 ‚tur
189 1856 293 1942 igitur
306 1852 406 1916 Ruhel
433 1867 560 1928 nature,
587 1854 651 1916 sire
681 1854 811 1941 ingenio
844 1865 874 1917 et
903 1852 1062 1916 industris

112 1957 278 2033 muliebri,
311 1976 372 2040 qur
400 1955 454 2018 hic
481 1973 568 2016 sexos
596 1948 755 2040 prueditus
782 1971 844 2020 est:
877 1978 1061 2041 quenquam

102 2046 179 2125 ³nun
199 2073 247 2124 est⁴
265 2059 433 2124 destinatus
459 2057 565 2121 uDeo
592 2058 632 2122 ud
662 2061 926 2145 gubernationem
956 2061 1062 2144 politi·

34 2235 48 2256 Ι,
114 2171 181 2230 cem
211 2177 264 2229 out
289 2162 544 2238 ecclesiasticum,
574 2148 632 2222 ubi
658 2163 827 2247 requiritur
853 2165 990 2226 maxime
1017 2163 1061 2227 vis

45 2297 62 2321 ι·
92 2265 283 2353 -ingeniiet
303 2267 523 2342 consiliorum,
543 2276 647 2328 tumen
669 2267 709 2329 ud
730 2285 836 2330 curum
857 2267 1062 2332 domesticum

114 2371 273 2435 ordinatae
294 2381 372 2432 sunt.
414 2369 487 2454 Quo
510 2366 625 2433 diutius
646 2368 729 2430 cuim
756 2369 929 2433 deliberant
957 2373 998 2436 de
1018 2394 1062 2436 rc·

43 2487 45 2490 ⁴
114 2479 173 2540 hus
195 2471 314 2559 mugnis
335 2471 502 2548 etardus,
523 2468 584 2534 hoc
604 2472 706 2557 magis
727 2471 892 2536 involvunt
915 2487 947 2538 et
966 2475 1063 2558 impe·

114 2580 204 2643 diunt
225 2575 359 2663 negotiu.
399 2572 463 2637 Sed
483 2573 603 2655 primus
631 2574 767 2659 impetus
793 2589 920 2640 noturus
938 2577 984 2639 in
1013 2597 1063 2662 pe-

115 2663 222 2747 riculis
243 2677 352 2742 subitis
367 2675 453 2758 'solet
473 2697 539 2738 esse
559 2676 698 2759 optimus
720 2676 985 2742 et'felicissimus.

195 2781 249 2846 sic
270 2780 367 2865 igitur
387 2775 506 2839 fallitur
526 2790 614 2861 puter
633 2794 810 2870 commento
832 2780 1002 2861 muliebri,
1029 2802 1063 2848 rc

30 2948 38 2960 ,
107 2882 332 2967 ¹honestissime
352 2879 473 2942 rutioue
502 2893 534 2944 et
555 2882 655 2965 specie
678 2883 846 2948 deluditur.
876 2884 955 2946 Nou
983 2885 1064 2949 euim
1089 2884 1092 2888 ⁴

111 2989 209 3054 nudet
228 2981 358 3048 ocruturi
378 3003 432 3058 eu,
462 3004 540 3066 quoe
567 2997 676 3050 nutum
703 2987 772 3071 ipse
799 2981 989 3065 occultavit,
1016 3009 1066 3052 ns·

36 3118 39 3123 ·
75 3163 84 3175 ,
116 3116 180 3179 que
199 3091 312 3163 hebet,
341 3084 430 3171 quod
456 3100 597 3169 opponet
627 3090 781 3173 emplius,
811 3093 865 3162 sed
891 3094 1065 3158 deterretur

117 3196 241 3283 pudore
259 3189 403 3254 naturali.
445 3188 530 3255 Deus
551 3203 654 3252 eutem
675 3190 860 3274 cooperetur
889 3208 953 3261 este
984 3220 1065 3262 ever.

46 3347 49 3352 .
79 3293 81 3306 '
117 3299 157 3383 tit
176 3296 257 3360 euim
277 3314 405 3356 sensum
425 3290 492 3374 ejus
512 3292 726 3376 percussitque
746 3316 817 3357 eum
838 3296 1005 3377 cueoitote,
1031 3309 1065 3361 ut

117 3388 183 3466 riou
203 3398 378 3482 exploraret
399 3392 587 3477 diligentius.
620 3392 727 3458 Credit
747 3418 814 3461 esse
834 3423 955 3479 verum,
979 3401 1066 3488 quod

45 3536 56 3555 x
116 3504 196 3577 ,dicit
215 3501 297 3576 filie,
325 3519 357 3573 se
378 3507 511 3579 propter
531 3496 677 3559 morbum
699 3502 829 3564 seorsim
858 3505 999 3568 voluisse
1020 3527 1064 3570 sc·

119 3607 202 3674 dere.
241 3601 361 3671 Deinde
380 3619 445 3664 uon
465 3610 530 3680 erut
549 3600 733 3684 uerisimile,
764 3606 852 3690 quod
871 3608 997 3675 sederet
1017 3630 1064 3674 su·
