2236 4034
135 177 195 249 194
310 176 911 267 vigesimunootuomueput
998 164 1001 173 Α

99 358 103 367 ·
132 340 181 409 te,
202 329 290 414 qnod
309 341 453 412 parentes
472 330 558 392 metu
578 329 648 394 irati
667 329 726 394 lilii
746 330 893 417 ablegant
908 330 1019 396 lacobz
1037 329 1083 394 ni-

132 433 307 515 bil-potnit
321 433 383 516 ipsi
403 433 544 496 accidere
564 432 740 515 jucundius.
783 434 862 498 Vult
880 435 982 518 igitur
1001 434 1084 519 'patri

93 555 99 573 ··
132 537 270 600 vicissim
290 535 471 599 benefacere
492 545 524 598 et
549 533 731 620 gratificari,
757 557 799 618 ne
816 535 961 598 videatur
976 536 1087 620 ingres

131 653 182 704 tua
202 652 256 701 ant
281 637 462 717 inobediens
489 656 567 724 erga
585 649 738 720 parentes.
779 637 862 702 Cum
882 637 965 699 euim
986 638 1086 715 audit,

90 772 93 777 ·
133 744 300 828 displicere
320 739 403 824 patri
422 759 537 805 uxorea
556 738 721 816 Hitbaeaa,
743 740 947 824 cogitat·an
970 740 1083 807 ducaei

132 870 250 923 unam,
278 856 369 928 quae
387 840 470 927 patri
495 841 640 924 placebit.
680 843 727 905 Aa
754 844 839 906 vadit
864 844 905 906 ad
932 854 1081 928 pati-unna
1112 916 1116 925 ,

134 972 225 1011 auum
245 946 375 1020 lamuel,
397 959 426 1008 et
447 945 532 1007 ducit
551 941 649 1007 filiam
669 946 747 1026 eina.
788 946 903 1010 Utrum
922 969 999 1011 vero
1013 950 1080 1037 ple·
1112 1018 1114 1025 ,

131 1053 230 1119 cuerit
249 1051 331 1133 putri
352 1048 509 1110 simulatio
531 1060 562 1109 et
581 1047 676 1110 dolus
694 1047 768 1124 iate,
788 1068 827 1110 au
847 1070 931 1127 non,
952 1042 1084 1135 aoriptnss.
1109 1038 1114 1078 ³

6 1212 8 1217 .
50 1150 53 1155 ¹
131 1177 168 1222 ra
196 1176 270 1218 non
287 1147 450 1235 significat.
492 1149 565 1237 Ego
587 1170 652 1213 non
674 1164 770 1233 puto
798 1151 873 1235 qu„
899 1150 987 1215 pm„
1015 1172 1081 1219 m
1107 1152 1118 1235 ,1

131 1256 228 1325 cenot
247 1250 524 1321 benedictionem
513 1276 547 1314 ιιι
568 1252 651 1315 Esau
672 1252 808 1330 haerere,
829 1254 884 1316 aed
898 1254 996 1331 scirit,
1013 1276 1078 1344 pum
1111 1257 1115 1268 ”

132 1356 241 1422 deberi
271 1352 374 1416 Iacob.
424 1354 467 1419 Et
486 1355 562 1419 vidit
581 1356 691 1430 ctiam,
711 1355 816 1432 Esau,
837 1356 991 1441 quioquid
1011 1380 1079 1444 ⁰8⁸·
1108 1357 1115 1395 ι

10 1508 13 1517 .
131 1476 200 1540 rat,
223 1461 403 1524 simulanter
422 1468 455 1518 et
475 1454 585 1518 dolose
605 1476 706 1541 agera.
747 1456 807 1521 Eat
825 1473 930 1523 autern
952 1464 1045 1533 hnc
1033 1486 1078 1527 rn-

37 1618 39 1623 .
132 1565 223 1650 signe
254 1574 286 1626 et
311 1557 558 1647 pulcherrimum
587 1560 801 1644 exemplnm'
789 1560 969 1648 impiorum·
983 1564 1080 1631 homi·
1117 1589 1118 1593 ¹

131 1691 209 1732 num
229 1680 261 1731 et
279 1665 532 1750 hypocritarum,
554 1662 607 1746 qni
630 1661 793 1727 florentin
813 1666 871 1730 bac
891 1668 962 1743 vita,
973 1681 1004 1732 et
1015 1688 1079 1731 our·
1097 1708 1100 1713 ,

130 1770 226 1836 nibus
256 1769 352 1832 rebus
379 1767 552 1830 abundant.
592 1765 802 1833 Investiuntur
826 1792 898 1834 cum
928 1769 1030 1858 gloria
1047 1782 1078 1833 at

100 1858 107 1869 ’
130 1893 252 1960 pompa
270 1872 303 1935 iu
322 1892 422 1958 regna
441 1882 471 1932 et
492 1889 567 1953 opes
587 1872 713 1950 mnndi,
743 1871 877 1957 perinde
896 1854 933 1935 nt
951 1872 1080 1959 Epista·
1115 1883 1117 1905 ¹

130 1976 165 2062 pi
186 1975 310 2050 nescir
324 1974 380 2038 sed
400 1974 434 2036 iri
454 1971 516 2036 line
536 1973 710 2051 videbitur,
731 1975 822 2060 cujus
841 1976 920 2038 toni.
1056 2020 1061 2027 ·

211 2079 369 2143 Hactenus
389 2095 467 2139 vero
484 2076 593 2138 Moses.
615 2077 780 2141 historiam
798 2078 891 2142 isaac
912 2092 943 2143 et
962 2077 1082 2143 Rebas·

130 2203 184 2261 cae
204 2181 311 2268 panois
333 2178 514 2263 complexus
541 2191 603 2257 est,
633 2182 667 2242 in
689 2203 751 2266 qna
778 2178 917 2245 recitavit
938 2179 1082 2267 ςιινίιιί-

130 2306 198 2351 maa
219 2283 404 2346 tentationes
424 2294 455 2345 ct
474 2283 658 2360 certamina,
688 2306 765 2366 quas
793 2294 924 2367 uterque
945 2282 1032 2345 (lomi
1050 2293 1082 2345 et

131 2390 207 2455 soris
228 2407 345 2474 magno
372 2383 496 2458 nuimc,
524 2383 557 2444 in
578 2383 674 2446 verbo
697 2396 726 2447 et
746 2383 808 2469 fide
829 2384 982 2463 susfinnit.
1023 2384 1082 2447 Aa·

131 2507 222 2577 cepta
248 2490 332 2555 enim
362 2483 572 2569 promissione
600 2487 639 2547 de
666 2485 924 2575 multiplicatione
942 2484 1082 2564 seminis,

129 2595 217 2659 tctos
237 2590 347 2678 viginti
367 2610 465 2651 annos
485 2589 650 2652 vivendum
671 2586 729 2652 fuit
748 2589 832 2652 lsaac
852 2611 924 2652 enm
943 2588 1079 2673 conjuge

61 2720 64 2725 ’
131 2698 250 2779 sterili:
277 2707 310 2758 et
339 2714 374 2756 ea
394 2710 465 2754 cum
486 2690 663 2768 exauditur,
685 2702 882 2754 tamen-non
900 2692 965 2782 einp
983 2703 1078 2754 tenta·

129 2800 217 2864 tiana
237 2811 269 2862 et
287 2794 429 2880 periculo
451 2792 531 2857 vitae
552 2791 610 2858 sert
629 2807 772 2871 uterum,
793 2807 824 2857 et
842 2793 907 2857 edit
927 2794 1078 2880 geminos.

71 2924 73 2931 ’
130 2902 262 2976 Ferrea,
289 2898 453 2982 impetrata
480 2896 608 2973 sobole,
639 2909 770 2981 propter
788 2896 899 2960 famem
919 2914 1018 2959 nosue
1035 2915 1081 2957 aa·

130 3004 186 3071 des
207 2996 400 3089 quaerendae
421 2986 509 3075 aunt,
530 2999 795 3084 peregrinandum
816 3009 862 3060 eat
881 3018 954 3059 cnm
974 2992 1081 3059 liberie

129 3118 161 3171 et
180 3104 296 3169 familia
323 3103 405 3165 inter
423 3098 622 3176 Philistacca,
654 3102 710 3165 nbi
736 3099 886 3186 pudicitie
919 3099 1082 3163 Rebeccae

86 3277 89 3283 ,
128 3210 336 3299 periclitatur,
357 3225 392 3268 ac
413 3203 525 3267 deinde
544 3214 723 3287 pastorum,
744 3205 809 3266 imo
830 3214 861 3267 et
880 3201 967 3291 regis
981 3201 1078 3282 ipsine

129 3311 234 3399 jurgia
262 3322 293 3372 et
322 3306 392 3372 odia
416 3304 544 3370 ferenda
573 3317 654 3368 aunt.
703 3305 768 3370 sed
794 3305 827 3367 i'u
854 3304 1078 3368 binominus

128 3414 227 3479 verbo
247 3423 277 3474 et
295 3407 504 3494 promissione
525 3406 691 3491 eriguntur
711 3422 741 3472 et
760 3419 978 3472 sustentantur
994 3428 1078 3470 sanc-

128 3515 155 3580 ti
175 3511 333 3587 homines,
355 3523 399 3574 et
406 3511 489 3598 regis
510 3527 686 3598 quoquest
705 3512 958 3581 adversariorum
983 3510 1077 3581 animi

6 3670 8 3683 .
118 3635 233 3683 rursus
249 3614 420 3701 placantur
440 3627 470 3680 et
490 3612 742 3683 mconciliautur
841 3624 859 3651 ·'
988 3644 993 3651 .
