2236 4034
76 159 118 228 72
255 152 525 241 'frigesimum
544 101 721 237 pr'imam
739 154 874 233 caput

77 307 293 392 Ingressus
329 317 438 390 ergo·
464 314 524 366 cst
548 299 690 365 Labau
717 291 1040 363 tabernaculum

78 409 206 477 iacob.
229 422 266 474 et
292 394 658 480 [scaenicorum
686 401 977 479 anciliorum,
1007 411 1041 463 ot

423 528 501 574 nou
521 504 687 572 invertit.

159 613 269 680 Breris
297 613 452 677 excusatio
478 623 523 676 est
551 611 591 676 cti
620 604 800 694 congeriem
830 607 953 687 iliam,
982 605 1041 672 imo

65 717 221 804 ⁴plaustra
241 716 500 780 contumeliarum
520 727 551 778 et
565 713 768 798 probrorum,
788 733 877 795 quae
897 711 937 773 iu
959 731 1040 773 saue·

9 872 12 886 .
81 823 236 889 tissimum
256 820 358 882 virum
377 816 521 901 conjecit.
564 815 651 902 Quid
670 814 834 879 facerem?
855 815 991 901 iuquit,
1009 817 1040 879 ti·

82 925 161 995 mat>
197 921 372 988 Confitetur
390 915 581 999 humiliter„
598 932 631 982 et
658 939 723 981 uou
750 931 872 1008 purgat
895 939 935 980 se
956 940 1040 983 accu-

82 1025 178 1090 ratius
199 1024 237 1088 de
257 1025 378 1111 spolio,
405 1025 461 1088 sed
480 1021 621 1088 mussitat
634 1045 750 1087 omues
770 1021 993 1087 contumelias
1011 1035 1039 1087 et

82 1125 230 1212 iujurias,
249 1150 286 1192 ao
305 1141 426 1193 tautum
445 1128 536 1206 dicit,
556 1149 591 1192 se
609 1127 756 1190 timuisse.
797 1125 836 1190 Si
856 1112 974 1190 fuisset
992 1149 1039 1191 re·

39 1228 43 1234 ’
83 1231 273 1310 bemeutior,
293 1232 402 1316 quales
422 1232 514 1294 multi
533 1242 606 1294 suut
625 1229 810 1312 injuriarum
830 1230 1044 1314 impatientis--

46 1354 48 1358 ·
68 1332 170 1419 trimi,
189 1332 325 1397 vicissim
345 1333 378 1398 iu
397 1358 470 1399 eum
489 1333 604 1410 invehi,
624 1346 656 1395 et
675 1333 843 1399 maledicta
859 1335 975 1399 omnia
994 1357 1038 1400 re-

83 1454 193 1524 gerere
221 1439 382 1523 potuisset.
424 1438 541 1502 Omitto
571 1437 756 1501 maledicere
783 1420 984 1503 homicide
1010 1452 1037 1503 tc

45 1563 50 1578 ’
84 1538 202 1623 optime
222 1541 353 1618 merito,
380 1541 513 1606 dixisset.
553 1540 636 1604 Nam
656 1553 686 1605 et
706 1541 813 1605 divino
834 1554 868 1607 et
892 1543 1035 1609 cmuium

83 1643 247 1708 bominum
267 1644 386 1729 judicio
407 1657 442 1707 tu
467 1667 503 1708 es
530 1644 721 1731 sacrilegus,
748 1646 848 1723 latro,
882 1660 1035 1732 tyrannos

84 1758 310 1822 commatrum
330 1747 488 1824 avaritiae,
516 1747 572 1831 qui
591 1746 762 1810 vendidisti
775 1748 865 1814 ¹filias
888 1764 982 1831 tuas,
1006 1765 1036 1816 et

84 1847 222 1913 hebuisti
242 1869 293 1911 ers
317 1871 378 1932 pro
401 1849 616 1932 abjectissimis
635 1852 799 1936 mancipiis
821 1865 852 1915 et
872 1852 1034 1936 jumentis3

86 1951 164 2036 quic
184 1952 276 2014 etiam
294 1972 355 2037 pro
374 1952 537 2016 laboribus
557 1953 731 2017 durissimis
751 1967 781 2017 et
799 1954 978 2041 sudoribus
990 1978 1035 2020 ea·

84 2042 157 2117 rum
177 2075 241 2117 nou
266 2053 405 2139 praemia
430 2052 552 2131 debita,
579 2057 635 2118 sed
663 2078 820 2121 carcerem
845 2072 1034 2144 perpetuam

4 2222 8 2229 ,
83 2180 235 2243 reponere
254 2156 407 2246 cogitasti.
447 2156 533 2220 Haeo
552 2155 658 2220 fuisset
677 2158 796 2223 infinita
820 2163 956 2225 materia
975 2165 1033 2249 jur.

84 2263 211 2347 giorum
231 2274 261 2324 et
287 2263 430 2323 rixarum.
470 2261 637 2323 Monemur
662 2263 778 2350 igitur,
806 2275 838 2327 et
863 2258 1035 2351 uobis-,re-

86 2383 150 2444 quu
171 2364 277 2426 auimo
298 2362 439 2427 ferendas
466 2386 532 2427 esse
558 2365 778 2443 contumelias,
806 2367 884 2430 item
912 2369 1035 2453 despec-
1109 2369 1113 2457 J

85 2462 203 2528 tionem
221 2476 252 2528 et
271 2467 451 2550 superbiam
470 2468 728 2532 adversariorum.
768 2467 833 2532 seo
854 2483 963 2534 tameu
989 2495 1035 2537 re·

85 2566 162 2628 ritas
182 2586 246 2628 uou
266 2579 312 2628 est
332 2570 471 2633 tacenda.
510 2569 579 2633 Nec
594 2569 690 2649 abibit
709 2570 838 2654 impune
853 2570 959 2649 libido
978 2598 1035 2638 ms-

82 2670 241 2734 -lcdiceudi
259 2671 294 2735 in
315 2670 515 2749 adversariis,
535 2670 655 2734 tametsi
675 2695 733 2735 nos
754 2675 834 2737 nihil
855 2676 1035 2739 maledicto-

86 2793 159 2837 rum
178 2793 365 2857 regeramus.
406 2773 465 2836 Est
485 2773 585 2852 euim,
616 2776 672 2859 qui
698 2776 839 2862 iuquiret
857 2789 892 2841 et
920 2779 1035 2864 judice·
1109 2810 1117 2824 ·

43 2891 45 2901 '
85 2873 134 2939 bit
153 2896 199 2938 ea.
987 2878 997 2886 ‘

163 2979 219 3041 Ait
237 2998 314 3064 ergo
334 2977 442 3043 Iacob:
470 2976 545 3066 Ego
567 2978 722 3065 quicquid
742 2971 857 3042 horum
890 2979 970 3060 feci,
998 2980 1035 3043 ti-

86 3103 174 3144 more
193 3093 224 3144 et
242 3082 448 3164 trepidatione
470 3085 606 3171 quadam
633 3079 700 3145 feci.
740 3070 786 3144 ita
814 3104 880 3147 uon
909 3071 1036 3147 accusat

86 3172 224 3264 Libro(
246 3200 278 3253 et
298 3183 457 3272 significat
471 3198 590 3262 tameo,
617 3186 722 3270 ipsum
750 3185 880 3248 maxime
908 3185 1036 3271 culpan·

87 3289 160 3352 dum
182 3302 214 3352 et
233 3290 438 3353 accusandum
458 3308 543 3366 essa,
564 3289 636 3373 quis
653 3289 828 3352 timendum
848 3287 1035 3366 sibifuerit,

86 3411 126 3451 ue
146 3412 235 3455 socer
253 3404 379 3476 raperet
398 3390 487 3467 filies,
509 3412 585 3475 quas
607 3392 731 3454 dederet
752 3389 782 3452 ei
803 3391 970 3475 conjuges.
999 3390 1035 3453 Iti
1106 3460 1109 3468 ¹

6 3488 8 3492 ⁴
84 3492 226 3575 profecto
254 3509 301 3558 est
327 3494 563 3557 atrocissimum.
616 3492 749 3557 Occults
775 3492 874 3577 igitur
900 3506 931 3556 et
964 3495 1034 3578 pulf

75 3594 236 3663 'cherrima
262 3595 363 3686 figura
391 3616 586 3693 summorum
613 3595 778 3661 criminum
807 3595 915 3680 ipsum
942 3602 1033 3661 reum
