<?xml version="1.0" encoding="UTF-8"?>
<!DOCTYPE html PUBLIC "-//W3C//DTD XHTML 1.0 Transitional//EN"
    "http://www.w3.org/TR/xhtml1/DTD/xhtml1-transitional.dtd">
<html xmlns="http://www.w3.org/1999/xhtml" xml:lang="en" lang="en">
 <head>
  <title>
</title>
<meta http-equiv="Content-Type" content="text/html;charset=utf-8" />
  <meta name='ocr-system' content='tesseract 3.04.00' />
  <meta name='ocr-capabilities' content='ocr_page ocr_carea ocr_par ocr_line ocrx_word'/>
</head>
<body>
  <div class='ocr_page' id='page_1' title='image "./exegeticaoperal05luthgoog_0665.png"; bbox 0 0 2236 4034; ppageno 0'>
   <div class='ocr_carea' id='block_1_1' title="bbox 89 88 1006 211">
    <p class='ocr_par' dir='ltr' id='par_1_1' title="bbox 89 88 1006 211">
     <span class='ocr_line' id='line_1_1' title="bbox 89 88 1006 211; baseline -0.007 -28"><span class='ocrx_word' id='word_1_1' title='bbox 89 119 152 185; x_wconf 63' lang='lat' dir='ltr'><strong>(lli</strong></span> <span class='ocrx_word' id='word_1_2' title='bbox 249 88 522 202; x_wconf 73' lang='lat' dir='ltr'><strong>&#39;frigesimum</strong></span> <span class='ocrx_word' id='word_1_3' title='bbox 544 113 898 201; x_wconf 79' lang='lat' dir='ltr'><strong>quintumoapat</strong></span> <span class='ocrx_word' id='word_1_4' title='bbox 1002 206 1006 211; x_wconf 27' lang='grc'>,</span> 
     </span>
    </p>
   </div>
   <div class='ocr_carea' id='block_1_2' title="bbox 1 260 1044 3643">
    <p class='ocr_par' dir='ltr' id='par_1_2' title="bbox 1 260 1044 3643">
     <span class='ocr_line' id='line_1_2' title="bbox 90 260 963 342; baseline 0.003 -14"><span class='ocrx_word' id='word_1_5' title='bbox 90 264 132 341; x_wconf 84' lang='lat' dir='ltr'><strong>ri,</strong></span> <span class='ocrx_word' id='word_1_6' title='bbox 152 263 217 327; x_wconf 75' lang='lat' dir='ltr'><strong>aiva</strong></span> <span class='ocrx_word' id='word_1_7' title='bbox 235 264 411 329; x_wconf 71' lang='lat' dir='ltr'><strong>neudum·</strong></span> <span class='ocrx_word' id='word_1_8' title='bbox 431 265 505 342; x_wconf 82' lang='lat' dir='ltr'><strong>siaa,</strong></span> <span class='ocrx_word' id='word_1_9' title='bbox 525 265 586 329; x_wconf 85' lang='lat' dir='ltr'><strong>alii.</strong></span> <span class='ocrx_word' id='word_1_10' title='bbox 620 263 726 327; x_wconf 78' lang='lat' dir='ltr'><strong>&#39;l&#39;alia</strong></span> <span class='ocrx_word' id='word_1_11' title='bbox 749 260 889 325; x_wconf 80' lang='lat' dir='ltr'><strong>enimin</strong></span> <span class='ocrx_word' id='word_1_12' title='bbox 907 285 963 331; x_wconf 83' lang='lat' dir='ltr'><strong>our</strong></span> 
     </span>
     <span class='ocr_line' id='line_1_3' title="bbox 92 361 934 455; baseline 0.002 -25"><span class='ocrx_word' id='word_1_13' title='bbox 92 366 240 442; x_wconf 83' lang='lat' dir='ltr'><strong>cultibus,</strong></span> <span class='ocrx_word' id='word_1_14' title='bbox 259 361 347 427; x_wconf 79' lang='lat' dir='ltr'><strong>falsis</strong></span> <span class='ocrx_word' id='word_1_15' title='bbox 360 377 391 436; x_wconf 81' lang='lat' dir='ltr'><strong>et</strong></span> <span class='ocrx_word' id='word_1_16' title='bbox 411 364 501 444; x_wconf 74' lang='lat' dir='ltr'><strong>veria,</strong></span> <span class='ocrx_word' id='word_1_17' title='bbox 520 382 676 455; x_wconf 80' lang='lat' dir='ltr'><strong>usurpata</strong></span> <span class='ocrx_word' id='word_1_18' title='bbox 687 368 839 432; x_wconf 79' lang='lat' dir='ltr'><strong>fueruat</strong></span> <span class='ocrx_word' id='word_1_19' title='bbox 860 368 934 432; x_wconf 80' lang='lat' dir='ltr'><strong>Mihi</strong></span> 
     </span>
     <span class='ocr_line' id='line_1_4' title="bbox 93 467 937 556; baseline 0 -23"><span class='ocrx_word' id='word_1_20' title='bbox 93 470 168 533; x_wconf 72' lang='lat' dir='ltr'><strong>haec</strong></span> <span class='ocrx_word' id='word_1_21' title='bbox 187 467 293 530; x_wconf 81' lang='lat' dir='ltr'><strong>verior</strong></span> <span class='ocrx_word' id='word_1_22' title='bbox 313 468 462 531; x_wconf 76' lang='lat' dir='ltr'><strong>tantautis</strong></span> <span class='ocrx_word' id='word_1_23' title='bbox 489 471 628 549; x_wconf 79' lang='lat' dir='ltr'><strong>videtur,</strong></span> <span class='ocrx_word' id='word_1_24' title='bbox 664 469 765 556; x_wconf 82' lang='lat' dir='ltr'><strong>quod</strong></span> <span class='ocrx_word' id='word_1_25' title='bbox 793 467 937 533; x_wconf 76' lang='lat' dir='ltr'><strong>fumiut&#39;</strong></span> 
     </span>
     <span class='ocr_line' id='line_1_5' title="bbox 1 556 956 668; baseline 0.008 -35"><span class='ocrx_word' id='word_1_26' title='bbox 1 565 2 572; x_wconf 54' lang='lat'><em>&#39;</em></span> <span class='ocrx_word' id='word_1_27' title='bbox 36 564 46 573; x_wconf 64' lang='grc'><strong>”’</strong></span> <span class='ocrx_word' id='word_1_28' title='bbox 80 556 482 643; x_wconf 64' lang='lat' dir='ltr'><strong>‘omamaata&#39;idolorum</strong></span> <span class='ocrx_word' id='word_1_29' title='bbox 952 660 956 668; x_wconf 26' lang='grc' dir='ltr'>Ι</span> 
     </span>
     <span class='ocr_line' id='line_1_6' title="bbox 174 672 969 770; baseline 0 -33"><span class='ocrx_word' id='word_1_30' title='bbox 174 672 246 737; x_wconf 85' lang='lat' dir='ltr'><strong>Vox</strong></span> <span class='ocrx_word' id='word_1_31' title='bbox 265 672 333 755; x_wconf 85' lang='lat' dir='ltr'><strong>ipsa</strong></span> <span class='ocrx_word' id='word_1_32' title='bbox 354 675 428 770; x_wconf 65' lang='lat' dir='ltr'><strong>DL]</strong></span> <span class='ocrx_word' id='word_1_33' title='bbox 448 674 599 762; x_wconf 82' lang='lat' dir='ltr'><strong>siguificat</strong></span> <span class='ocrx_word' id='word_1_34' title='bbox 628 677 789 740; x_wconf 84' lang='lat' dir='ltr'><strong>lunulam</strong></span> <span class='ocrx_word' id='word_1_35' title='bbox 814 674 864 738; x_wconf 80' lang='lat' dir='ltr'><strong>vel</strong></span> <span class='ocrx_word' id='word_1_36' title='bbox 886 676 969 738; x_wconf 82' lang='lat' dir='ltr'><strong>aemi‘</strong></span> 
     </span>
     <span class='ocr_line' id='line_1_7' title="bbox 94 774 938 861; baseline 0.001 -20"><span class='ocrx_word' id='word_1_37' title='bbox 94 777 161 841; x_wconf 86' lang='lat' dir='ltr'><strong>lum</strong></span> <span class='ocrx_word' id='word_1_38' title='bbox 181 795 326 852; x_wconf 78' lang='lat' dir='ltr'><strong>aureum,</strong></span> <span class='ocrx_word' id='word_1_39' title='bbox 353 774 447 839; x_wconf 89' lang='lat' dir='ltr'><strong>iustar</strong></span> <span class='ocrx_word' id='word_1_40' title='bbox 465 780 557 842; x_wconf 89' lang='lat' dir='ltr'><strong>luuae</strong></span> <span class='ocrx_word' id='word_1_41' title='bbox 585 779 852 850; x_wconf 80' lang='lat' dir='ltr'><strong>corniculantis,</strong></span> <span class='ocrx_word' id='word_1_42' title='bbox 881 800 938 861; x_wconf 84' lang='lat' dir='ltr'><strong>quo</strong></span> 
     </span>
     <span class='ocr_line' id='line_1_8' title="bbox 95 875 1000 964; baseline 0.008 -23"><span class='ocrx_word' id='word_1_43' title='bbox 95 890 170 943; x_wconf 86' lang='lat' dir='ltr'><strong>ruut</strong></span> <span class='ocrx_word' id='word_1_44' title='bbox 189 875 320 940; x_wconf 84' lang='lat' dir='ltr'><strong>frontem</strong></span> <span class='ocrx_word' id='word_1_45' title='bbox 341 876 381 938; x_wconf 77' lang='lat' dir='ltr'><strong>ab</strong></span> <span class='ocrx_word' id='word_1_46' title='bbox 400 903 463 943; x_wconf 87' lang='lat' dir='ltr'><strong>una</strong></span> <span class='ocrx_word' id='word_1_47' title='bbox 482 903 555 945; x_wconf 85' lang='lat' dir='ltr'><strong>aura</strong></span> <span class='ocrx_word' id='word_1_48' title='bbox 574 883 615 946; x_wconf 89' lang='lat' dir='ltr'><strong>ad</strong></span> <span class='ocrx_word' id='word_1_49' title='bbox 637 884 784 957; x_wconf 82' lang='lat' dir='ltr'><strong>alteram</strong></span> <span class='ocrx_word' id='word_1_50' title='bbox 818 887 1000 964; x_wconf 75' lang='lat' dir='ltr'><strong>mnqamlt</strong></span> 
     </span>
     <span class='ocr_line' id='line_1_9' title="bbox 96 978 966 1069; baseline -0.002 -25"><span class='ocrx_word' id='word_1_51' title='bbox 96 980 225 1044; x_wconf 85' lang='lat' dir='ltr'><strong>demate.</strong></span> <span class='ocrx_word' id='word_1_52' title='bbox 265 978 335 1041; x_wconf 87' lang='lat' dir='ltr'><strong>Noa</strong></span> <span class='ocrx_word' id='word_1_53' title='bbox 362 980 457 1047; x_wconf 81' lang='lat' dir='ltr'><strong>hodic</strong></span> <span class='ocrx_word' id='word_1_54' title='bbox 475 988 670 1069; x_wconf 70' lang='lat' dir='ltr'>appellamus</span> <span class='ocrx_word' id='word_1_55' title='bbox 693 982 817 1048; x_wconf 84' lang='lat' dir='ltr'><strong>Perliu</strong></span> <span class='ocrx_word' id='word_1_56' title='bbox 843 984 921 1047; x_wconf 82' lang='lat' dir='ltr'><strong>odes·</strong></span> <span class='ocrx_word' id='word_1_57' title='bbox 956 992 966 1008; x_wconf 93' lang='grc'><strong>“</strong></span> 
     </span>
     <span class='ocr_line' id='line_1_10' title="bbox 94 1083 971 1173; baseline -0.001 -24"><span class='ocrx_word' id='word_1_58' title='bbox 94 1085 212 1149; x_wconf 87' lang='lat' dir='ltr'><strong>Borteu</strong></span> <span class='ocrx_word' id='word_1_59' title='bbox 232 1083 296 1147; x_wconf 85' lang='lat' dir='ltr'><strong>und</strong></span> <span class='ocrx_word' id='word_1_60' title='bbox 315 1084 494 1147; x_wconf 83' lang='lat' dir='ltr'><strong>Haarband.</strong></span> <span class='ocrx_word' id='word_1_61' title='bbox 533 1087 651 1152; x_wconf 84' lang='lat' dir='ltr'><strong>Habuit</strong></span> <span class='ocrx_word' id='word_1_62' title='bbox 679 1103 716 1153; x_wconf 83' lang='lat' dir='ltr'><strong>et</strong></span> <span class='ocrx_word' id='word_1_63' title='bbox 740 1089 857 1151; x_wconf 75' lang='lat' dir='ltr'><strong>Aaron</strong></span> <span class='ocrx_word' id='word_1_64' title='bbox 880 1090 971 1173; x_wconf 56' lang='grc' dir='ltr'><strong>ψ’</strong></span> 
     </span>
     <span class='ocr_line' id='line_1_11' title="bbox 95 1174 1001 1274; baseline 0.002 -23"><span class='ocrx_word' id='word_1_65' title='bbox 95 1199 275 1255; x_wconf 75' lang='lat' dir='ltr'><strong>ornamenta</strong></span> <span class='ocrx_word' id='word_1_66' title='bbox 296 1187 506 1252; x_wconf 72' lang='lat' dir='ltr'><strong>sacerdotalia.</strong></span> <span class='ocrx_word' id='word_1_67' title='bbox 528 1191 639 1257; x_wconf 81' lang='lat' dir='ltr'><strong>Postea</strong></span> <span class='ocrx_word' id='word_1_68' title='bbox 659 1192 784 1255; x_wconf 85' lang='lat' dir='ltr'><strong>iisdem</strong></span> <span class='ocrx_word' id='word_1_69' title='bbox 799 1210 896 1274; x_wconf 82' lang='lat' dir='ltr'><strong>reges</strong></span> <span class='ocrx_word' id='word_1_70' title='bbox 916 1174 1001 1274; x_wconf 58' lang='lat' dir='ltr'><strong>ircim</strong></span> 
     </span>
     <span class='ocr_line' id='line_1_12' title="bbox 95 1289 1001 1383; baseline 0.008 -30"><span class='ocrx_word' id='word_1_71' title='bbox 95 1291 215 1355; x_wconf 73' lang='lat' dir='ltr'><strong>atinde</strong></span> <span class='ocrx_word' id='word_1_72' title='bbox 234 1289 370 1353; x_wconf 82' lang='lat' dir='ltr'><strong>fecerunt</strong></span> <span class='ocrx_word' id='word_1_73' title='bbox 390 1291 569 1355; x_wconf 82' lang='lat' dir='ltr'><strong>diademata.</strong></span> <span class='ocrx_word' id='word_1_74' title='bbox 608 1296 704 1379; x_wconf 25' lang='lat' dir='ltr'><strong>Fuit·</strong></span> <span class='ocrx_word' id='word_1_75' title='bbox 721 1317 809 1383; x_wconf 79' lang='lat' dir='ltr'><strong>ergo</strong></span> <span class='ocrx_word' id='word_1_76' title='bbox 842 1296 1001 1365; x_wconf 83' lang='lat' dir='ltr'><strong>usitatuma</strong></span> 
     </span>
     <span class='ocr_line' id='line_1_13' title="bbox 94 1393 1003 1479; baseline 0.003 -22"><span class='ocrx_word' id='word_1_77' title='bbox 94 1406 251 1474; x_wconf 81' lang='lat' dir='ltr'><strong>tempore,</strong></span> <span class='ocrx_word' id='word_1_78' title='bbox 272 1405 440 1456; x_wconf 83' lang='lat' dir='ltr'><strong>statuarum</strong></span> <span class='ocrx_word' id='word_1_79' title='bbox 460 1393 559 1475; x_wconf 86' lang='lat' dir='ltr'><strong>capita</strong></span> <span class='ocrx_word' id='word_1_80' title='bbox 590 1418 749 1461; x_wconf 84' lang='lat' dir='ltr'><strong>exornare</strong></span> <span class='ocrx_word' id='word_1_81' title='bbox 780 1398 903 1461; x_wconf 85' lang='lat' dir='ltr'><strong>talibus</strong></span> <span class='ocrx_word' id='word_1_82' title='bbox 928 1401 1003 1479; x_wconf 54' lang='lat' dir='ltr'><strong>loculi</strong></span> 
     </span>
     <span class='ocr_line' id='line_1_14' title="bbox 1 1496 1005 1586; baseline 0.004 -27"><span class='ocrx_word' id='word_1_83' title='bbox 1 1521 2 1526; x_wconf 49' lang='lat'>¹</span> <span class='ocrx_word' id='word_1_84' title='bbox 94 1511 226 1582; x_wconf 78' lang='lat' dir='ltr'><strong>proptor</strong></span> <span class='ocrx_word' id='word_1_85' title='bbox 245 1498 448 1579; x_wconf 77' lang='lat' dir='ltr'><strong>reverentiam</strong></span> <span class='ocrx_word' id='word_1_86' title='bbox 469 1496 653 1575; x_wconf 81' lang='lat' dir='ltr'><strong>divinitatis,</strong></span> <span class='ocrx_word' id='word_1_87' title='bbox 674 1512 714 1562; x_wconf 88' lang='lat' dir='ltr'><strong>ut</strong></span> <span class='ocrx_word' id='word_1_88' title='bbox 737 1501 902 1564; x_wconf 83' lang='lat' dir='ltr'><strong>haberent</strong></span> <span class='ocrx_word' id='word_1_89' title='bbox 921 1503 1005 1586; x_wconf 78' lang='lat' dir='ltr'><strong>aliqua</strong></span> 
     </span>
     <span class='ocr_line' id='line_1_15' title="bbox 95 1597 1006 1689; baseline 0.004 -26"><span class='ocrx_word' id='word_1_90' title='bbox 95 1599 261 1663; x_wconf 82' lang='lat' dir='ltr'><strong>sanctitatis</strong></span> <span class='ocrx_word' id='word_1_91' title='bbox 289 1597 433 1684; x_wconf 83' lang='lat' dir='ltr'><strong>speciem.</strong></span> <span class='ocrx_word' id='word_1_92' title='bbox 474 1598 659 1683; x_wconf 80' lang='lat' dir='ltr'><strong>Quanquam</strong></span> <span class='ocrx_word' id='word_1_93' title='bbox 693 1604 819 1682; x_wconf 81' lang='lat' dir='ltr'><strong>etiam,</strong></span> <span class='ocrx_word' id='word_1_94' title='bbox 852 1607 935 1689; x_wconf 80' lang='lat' dir='ltr'><strong>juxta</strong></span> <span class='ocrx_word' id='word_1_95' title='bbox 952 1607 1006 1689; x_wconf 71' lang='lat' dir='ltr'><strong>Lyra</strong></span> 
     </span>
     <span class='ocr_line' id='line_1_16' title="bbox 37 1699 1038 1787; baseline 0.012 -23"><span class='ocrx_word' id='word_1_96' title='bbox 37 1726 39 1731; x_wconf 94' lang='lat'>·</span> <span class='ocrx_word' id='word_1_97' title='bbox 96 1701 284 1777; x_wconf 83' lang='lat' dir='ltr'><strong>senteutiam,</strong></span> <span class='ocrx_word' id='word_1_98' title='bbox 303 1699 372 1763; x_wconf 83' lang='lat' dir='ltr'><strong>fieri</strong></span> <span class='ocrx_word' id='word_1_99' title='bbox 392 1711 505 1783; x_wconf 85' lang='lat' dir='ltr'><strong>potest,</strong></span> <span class='ocrx_word' id='word_1_100' title='bbox 525 1711 603 1762; x_wconf 88' lang='lat' dir='ltr'><strong>utet</strong></span> <span class='ocrx_word' id='word_1_101' title='bbox 619 1707 811 1787; x_wconf 81' lang='lat' dir='ltr'><strong>sacerdotes</strong></span> <span class='ocrx_word' id='word_1_102' title='bbox 830 1709 873 1772; x_wconf 88' lang='lat' dir='ltr'><strong>iis</strong></span> <span class='ocrx_word' id='word_1_103' title='bbox 887 1723 1007 1776; x_wconf 84' lang='lat' dir='ltr'><strong>uterertu</strong></span> <span class='ocrx_word' id='word_1_104' title='bbox 1033 1768 1038 1779; x_wconf 92' lang='lat'>.</span> 
     </span>
     <span class='ocr_line' id='line_1_17' title="bbox 74 1801 1009 1879; baseline 0.014 -14"><span class='ocrx_word' id='word_1_105' title='bbox 74 1860 77 1865; x_wconf 78' lang='grc'>,</span> <span class='ocrx_word' id='word_1_106' title='bbox 174 1801 265 1865; x_wconf 80' lang='lat' dir='ltr'><strong>Iacob</strong></span> <span class='ocrx_word' id='word_1_107' title='bbox 287 1824 359 1866; x_wconf 78' lang='lat' dir='ltr'><strong>aero</strong></span> <span class='ocrx_word' id='word_1_108' title='bbox 382 1804 485 1864; x_wconf 84' lang='lat' dir='ltr'><strong>omnia</strong></span> <span class='ocrx_word' id='word_1_109' title='bbox 506 1803 578 1865; x_wconf 82' lang='lat' dir='ltr'><strong>haee</strong></span> <span class='ocrx_word' id='word_1_110' title='bbox 598 1803 632 1867; x_wconf 85' lang='lat' dir='ltr'><strong>in</strong></span> <span class='ocrx_word' id='word_1_111' title='bbox 660 1830 770 1870; x_wconf 85' lang='lat' dir='ltr'><strong>unum</strong></span> <span class='ocrx_word' id='word_1_112' title='bbox 801 1834 951 1875; x_wconf 85' lang='lat' dir='ltr'><strong>acervum</strong></span> <span class='ocrx_word' id='word_1_113' title='bbox 972 1837 1009 1879; x_wconf 79' lang='lat' dir='ltr'><strong>cta</strong></span> 
     </span>
     <span class='ocr_line' id='line_1_18' title="bbox 93 1904 1011 1997; baseline 0.015 -31"><span class='ocrx_word' id='word_1_114' title='bbox 93 1914 183 1989; x_wconf 84' lang='lat' dir='ltr'><strong>gesta</strong></span> <span class='ocrx_word' id='word_1_115' title='bbox 202 1904 320 1987; x_wconf 84' lang='lat' dir='ltr'><strong>sepelit.</strong></span> <span class='ocrx_word' id='word_1_116' title='bbox 360 1908 406 1968; x_wconf 78' lang='lat' dir='ltr'><strong>Ac</strong></span> <span class='ocrx_word' id='word_1_117' title='bbox 426 1905 483 1968; x_wconf 84' lang='lat' dir='ltr'><strong>fuit</strong></span> <span class='ocrx_word' id='word_1_118' title='bbox 503 1929 576 1969; x_wconf 88' lang='lat' dir='ltr'><strong>sana</strong></span> <span class='ocrx_word' id='word_1_119' title='bbox 597 1909 735 1996; x_wconf 85' lang='lat' dir='ltr'><strong>insignis</strong></span> <span class='ocrx_word' id='word_1_120' title='bbox 758 1916 916 1997; x_wconf 86' lang='lat' dir='ltr'><strong>probitas</strong></span> <span class='ocrx_word' id='word_1_121' title='bbox 935 1930 961 1977; x_wconf 87' lang='lat' dir='ltr'><strong>at</strong></span> <span class='ocrx_word' id='word_1_122' title='bbox 975 1919 1011 1981; x_wconf 81' lang='lat' dir='ltr'><strong>ola</strong></span> 
     </span>
     <span class='ocr_line' id='line_1_19' title="bbox 94 2006 1012 2097; baseline 0.014 -28"><span class='ocrx_word' id='word_1_123' title='bbox 94 2006 207 2075; x_wconf 80' lang='lat' dir='ltr'><strong>dieutia</strong></span> <span class='ocrx_word' id='word_1_124' title='bbox 227 2006 355 2068; x_wconf 86' lang='lat' dir='ltr'><strong>illorum</strong></span> <span class='ocrx_word' id='word_1_125' title='bbox 377 2007 557 2085; x_wconf 85' lang='lat' dir='ltr'><strong>hominum,</strong></span> <span class='ocrx_word' id='word_1_126' title='bbox 584 2011 638 2096; x_wconf 87' lang='lat' dir='ltr'><strong>qui</strong></span> <span class='ocrx_word' id='word_1_127' title='bbox 659 2026 725 2076; x_wconf 88' lang='lat' dir='ltr'><strong>tam</strong></span> <span class='ocrx_word' id='word_1_128' title='bbox 750 2032 889 2097; x_wconf 81' lang='lat' dir='ltr'><strong>promte</strong></span> <span class='ocrx_word' id='word_1_129' title='bbox 910 2033 940 2080; x_wconf 95' lang='lat' dir='ltr'><strong>et</strong></span> <span class='ocrx_word' id='word_1_130' title='bbox 956 2021 1012 2082; x_wconf 80' lang='lat' dir='ltr'><strong>lilm</strong></span> 
     </span>
     <span class='ocr_line' id='line_1_20' title="bbox 92 2110 1014 2199; baseline 0.015 -28"><span class='ocrx_word' id='word_1_131' title='bbox 92 2121 139 2173; x_wconf 84' lang='lat' dir='ltr'><strong>ter</strong></span> <span class='ocrx_word' id='word_1_132' title='bbox 158 2110 347 2174; x_wconf 84' lang='lat' dir='ltr'><strong>tradiderunt</strong></span> <span class='ocrx_word' id='word_1_133' title='bbox 367 2132 419 2186; x_wconf 81' lang='lat' dir='ltr'><strong>aa,</strong></span> <span class='ocrx_word' id='word_1_134' title='bbox 441 2130 518 2192; x_wconf 81' lang='lat' dir='ltr'><strong>quae</strong></span> <span class='ocrx_word' id='word_1_135' title='bbox 540 2112 691 2177; x_wconf 83' lang='lat' dir='ltr'><strong>habebant</strong></span> <span class='ocrx_word' id='word_1_136' title='bbox 713 2122 960 2199; x_wconf 81' lang='lat' dir='ltr'><strong>pretiosissima</strong></span> <span class='ocrx_word' id='word_1_137' title='bbox 980 2126 1014 2185; x_wconf 79' lang='lat' dir='ltr'><strong>lt</strong></span> 
     </span>
     <span class='ocr_line' id='line_1_21' title="bbox 92 2212 1016 2309; baseline 0.014 -35"><span class='ocrx_word' id='word_1_138' title='bbox 92 2213 173 2274; x_wconf 86' lang='lat' dir='ltr'><strong>xima</strong></span> <span class='ocrx_word' id='word_1_139' title='bbox 192 2233 265 2295; x_wconf 86' lang='lat' dir='ltr'><strong>para</strong></span> <span class='ocrx_word' id='word_1_140' title='bbox 292 2212 352 2274; x_wconf 81' lang='lat' dir='ltr'><strong>luit</strong></span> <span class='ocrx_word' id='word_1_141' title='bbox 378 2224 463 2294; x_wconf 79' lang='lat' dir='ltr'><strong>rupta</strong></span> <span class='ocrx_word' id='word_1_142' title='bbox 492 2213 525 2273; x_wconf 86' lang='lat' dir='ltr'><strong>in</strong></span> <span class='ocrx_word' id='word_1_143' title='bbox 554 2219 669 2296; x_wconf 86' lang='lat' dir='ltr'><strong>praeda</strong></span> <span class='ocrx_word' id='word_1_144' title='bbox 699 2221 1016 2309; x_wconf 63' lang='lat' dir='ltr'><strong>sichimitarumqi</strong></span> 
     </span>
     <span class='ocr_line' id='line_1_22' title="bbox 92 2312 1017 2391; baseline 0.017 -16"><span class='ocrx_word' id='word_1_145' title='bbox 92 2312 218 2376; x_wconf 80' lang='lat' dir='ltr'><strong>fuerunt</strong></span> <span class='ocrx_word' id='word_1_146' title='bbox 237 2317 395 2378; x_wconf 80' lang='lat' dir='ltr'><strong>idolatrae.</strong></span> <span class='ocrx_word' id='word_1_147' title='bbox 438 2315 589 2379; x_wconf 84' lang='lat' dir='ltr'><strong>Persuasit</strong></span> <span class='ocrx_word' id='word_1_148' title='bbox 609 2333 712 2382; x_wconf 87' lang='lat' dir='ltr'><strong>autem</strong></span> <span class='ocrx_word' id='word_1_149' title='bbox 740 2324 935 2389; x_wconf 80' lang='lat' dir='ltr'><strong>domesticis</strong></span> <span class='ocrx_word' id='word_1_150' title='bbox 958 2341 1017 2391; x_wconf 70' lang='lat' dir='ltr'><strong>etet</strong></span> 
     </span>
     <span class='ocr_line' id='line_1_23' title="bbox 92 2408 1044 2504; baseline 0.017 -27"><span class='ocrx_word' id='word_1_151' title='bbox 92 2417 204 2478; x_wconf 66' lang='lat' dir='ltr'><strong>menois</strong></span> <span class='ocrx_word' id='word_1_152' title='bbox 235 2417 361 2502; x_wconf 80' lang='lat' dir='ltr'><strong>egregia</strong></span> <span class='ocrx_word' id='word_1_153' title='bbox 390 2416 444 2478; x_wconf 92' lang='lat' dir='ltr'><strong>illa</strong></span> <span class='ocrx_word' id='word_1_154' title='bbox 474 2419 627 2493; x_wconf 81' lang='lat' dir='ltr'><strong>oratioue,</strong></span> <span class='ocrx_word' id='word_1_155' title='bbox 655 2435 690 2485; x_wconf 87' lang='lat' dir='ltr'><strong>ut</strong></span> <span class='ocrx_word' id='word_1_156' title='bbox 720 2447 761 2487; x_wconf 85' lang='lat' dir='ltr'><strong>ea</strong></span> <span class='ocrx_word' id='word_1_157' title='bbox 793 2444 1018 2504; x_wconf 79' lang='lat' dir='ltr'><strong>amoverent‚rl</strong></span> <span class='ocrx_word' id='word_1_158' title='bbox 1042 2408 1044 2415; x_wconf 69' lang='lat'><em>,</em></span> 
     </span>
     <span class='ocr_line' id='line_1_24' title="bbox 91 2512 1019 2601; baseline 0.018 -23"><span class='ocrx_word' id='word_1_159' title='bbox 91 2517 158 2600; x_wconf 86' lang='lat' dir='ltr'><strong>ipae</strong></span> <span class='ocrx_word' id='word_1_160' title='bbox 180 2539 250 2581; x_wconf 88' lang='lat' dir='ltr'><strong>cum</strong></span> <span class='ocrx_word' id='word_1_161' title='bbox 271 2512 398 2582; x_wconf 82' lang='lat' dir='ltr'><strong>eeclesia</strong></span> <span class='ocrx_word' id='word_1_162' title='bbox 417 2533 581 2601; x_wconf 81' lang='lat' dir='ltr'><strong>repurgata</strong></span> <span class='ocrx_word' id='word_1_163' title='bbox 602 2521 641 2583; x_wconf 87' lang='lat' dir='ltr'><strong>ab</strong></span> <span class='ocrx_word' id='word_1_164' title='bbox 669 2524 826 2590; x_wconf 85' lang='lat' dir='ltr'><strong>idolatria</strong></span> <span class='ocrx_word' id='word_1_165' title='bbox 853 2531 1019 2596; x_wconf 79' lang='lat' dir='ltr'><strong>descenderat</strong></span> 
     </span>
     <span class='ocr_line' id='line_1_25' title="bbox 90 2617 1021 2714; baseline 0.014 -33"><span class='ocrx_word' id='word_1_166' title='bbox 90 2620 124 2681; x_wconf 86' lang='lat' dir='ltr'><strong>iu</strong></span> <span class='ocrx_word' id='word_1_167' title='bbox 144 2619 260 2682; x_wconf 87' lang='lat' dir='ltr'><strong>Bethel.</strong></span> <span class='ocrx_word' id='word_1_168' title='bbox 301 2617 366 2682; x_wconf 70' lang='lat' dir='ltr'><strong>sert</strong></span> <span class='ocrx_word' id='word_1_169' title='bbox 386 2639 447 2703; x_wconf 25' lang='lat' dir='ltr'><strong>‘our</strong></span> <span class='ocrx_word' id='word_1_170' title='bbox 479 2619 596 2682; x_wconf 84' lang='lat' dir='ltr'><strong>defodit</strong></span> <span class='ocrx_word' id='word_1_171' title='bbox 622 2623 732 2686; x_wconf 85' lang='lat' dir='ltr'><strong>subter</strong></span> <span class='ocrx_word' id='word_1_172' title='bbox 766 2653 934 2714; x_wconf 85' lang='lat' dir='ltr'><strong>quercum</strong></span> <span class='ocrx_word' id='word_1_173' title='bbox 957 2635 1021 2712; x_wconf 62' lang='lat' dir='ltr'><strong>idola</strong></span> 
     </span>
     <span class='ocr_line' id='line_1_26' title="bbox 6 2722 1021 2814; baseline 0.016 -31"><span class='ocrx_word' id='word_1_174' title='bbox 6 2737 11 2761; x_wconf 86' lang='lat'><strong>¹</strong></span> <span class='ocrx_word' id='word_1_175' title='bbox 90 2722 153 2784; x_wconf 83' lang='lat' dir='ltr'><strong>sire</strong></span> <span class='ocrx_word' id='word_1_176' title='bbox 174 2742 266 2785; x_wconf 82' lang='lat' dir='ltr'><strong>aurea</strong></span> <span class='ocrx_word' id='word_1_177' title='bbox 288 2733 318 2782; x_wconf 81' lang='lat' dir='ltr'><strong>et</strong></span> <span class='ocrx_word' id='word_1_178' title='bbox 337 2735 496 2806; x_wconf 83' lang='lat' dir='ltr'><strong>argentea,</strong></span> <span class='ocrx_word' id='word_1_179' title='bbox 521 2723 584 2786; x_wconf 76' lang='lat' dir='ltr'><strong>aive</strong></span> <span class='ocrx_word' id='word_1_180' title='bbox 604 2724 708 2808; x_wconf 83' lang='lat' dir='ltr'><strong>lignea</strong></span> <span class='ocrx_word' id='word_1_181' title='bbox 730 2743 767 2791; x_wconf 87' lang='lat' dir='ltr'><strong>et</strong></span> <span class='ocrx_word' id='word_1_182' title='bbox 791 2756 879 2798; x_wconf 90' lang='lat' dir='ltr'><strong>auro</strong></span> <span class='ocrx_word' id='word_1_183' title='bbox 902 2753 1021 2814; x_wconf 69' lang='lat' dir='ltr'><strong>moreau</strong></span> 
     </span>
     <span class='ocr_line' id='line_1_27' title="bbox 91 2822 1022 2924; baseline 0.018 -38"><span class='ocrx_word' id='word_1_184' title='bbox 91 2836 203 2886; x_wconf 80' lang='lat' dir='ltr'><strong>elnon</strong></span> <span class='ocrx_word' id='word_1_185' title='bbox 224 2823 327 2907; x_wconf 79' lang='lat' dir='ltr'><strong>potius</strong></span> <span class='ocrx_word' id='word_1_186' title='bbox 348 2822 507 2898; x_wconf 81' lang='lat' dir='ltr'><strong>conflavit,</strong></span> <span class='ocrx_word' id='word_1_187' title='bbox 535 2826 733 2911; x_wconf 84' lang='lat' dir='ltr'><strong>pretiumque</strong></span> <span class='ocrx_word' id='word_1_188' title='bbox 766 2835 803 2895; x_wconf 88' lang='lat' dir='ltr'><strong>in</strong></span> <span class='ocrx_word' id='word_1_189' title='bbox 838 2840 1022 2924; x_wconf 78' lang='lat' dir='ltr'><strong>eleemoayatt</strong></span> 
     </span>
     <span class='ocr_line' id='line_1_28' title="bbox 10 2925 1024 3022; baseline 0.022 -39"><span class='ocrx_word' id='word_1_190' title='bbox 10 2934 14 2939; x_wconf 91' lang='lat'>&#39;</span> <span class='ocrx_word' id='word_1_191' title='bbox 89 2945 279 3008; x_wconf 77' lang='lat' dir='ltr'><strong>pauperum,</strong></span> <span class='ocrx_word' id='word_1_192' title='bbox 299 2937 353 2985; x_wconf 90' lang='lat' dir='ltr'><strong>aut</strong></span> <span class='ocrx_word' id='word_1_193' title='bbox 373 2925 407 2985; x_wconf 87' lang='lat' dir='ltr'><strong>iu</strong></span> <span class='ocrx_word' id='word_1_194' title='bbox 428 2925 506 2985; x_wconf 85' lang='lat' dir='ltr'><strong>alios</strong></span> <span class='ocrx_word' id='word_1_195' title='bbox 527 2946 600 2985; x_wconf 90' lang='lat' dir='ltr'><strong>uaus</strong></span> <span class='ocrx_word' id='word_1_196' title='bbox 621 2930 827 2998; x_wconf 73' lang='lat' dir='ltr'><strong>collocarit?</strong></span> <span class='ocrx_word' id='word_1_197' title='bbox 869 2941 951 3022; x_wconf 77' lang='lat' dir='ltr'><strong>Quis</strong></span> <span class='ocrx_word' id='word_1_198' title='bbox 970 2945 1024 3006; x_wconf 84' lang='lat' dir='ltr'><strong>coia</strong></span> 
     </span>
     <span class='ocr_line' id='line_1_29' title="bbox 90 3025 1026 3128; baseline 0.018 -38"><span class='ocrx_word' id='word_1_199' title='bbox 90 3029 147 3090; x_wconf 84' lang='lat' dir='ltr'><strong>erit</strong></span> <span class='ocrx_word' id='word_1_200' title='bbox 167 3048 241 3087; x_wconf 84' lang='lat' dir='ltr'><strong>usus</strong></span> <span class='ocrx_word' id='word_1_201' title='bbox 261 3026 328 3087; x_wconf 88' lang='lat' dir='ltr'><strong>auri</strong></span> <span class='ocrx_word' id='word_1_202' title='bbox 350 3039 380 3087; x_wconf 84' lang='lat' dir='ltr'><strong>ct</strong></span> <span class='ocrx_word' id='word_1_203' title='bbox 400 3028 515 3111; x_wconf 80' lang='lat' dir='ltr'><strong>argenti</strong></span> <span class='ocrx_word' id='word_1_204' title='bbox 537 3025 649 3091; x_wconf 83' lang='lat' dir='ltr'><strong>defossi</strong></span> <span class='ocrx_word' id='word_1_205' title='bbox 668 3032 702 3095; x_wconf 87' lang='lat' dir='ltr'><strong>in</strong></span> <span class='ocrx_word' id='word_1_206' title='bbox 725 3043 887 3104; x_wconf 83' lang='lat' dir='ltr'><strong>terram?</strong></span> <span class='ocrx_word' id='word_1_207' title='bbox 918 3037 1026 3128; x_wconf 63' lang='lat' dir='ltr'><strong>Reclus-</strong></span> 
     </span>
     <span class='ocr_line' id='line_1_30' title="bbox 88 3111 1026 3211; baseline 0.022 -23"><span class='ocrx_word' id='word_1_208' title='bbox 88 3127 167 3202; x_wconf 87' lang='lat' dir='ltr'><strong>deo,</strong></span> <span class='ocrx_word' id='word_1_209' title='bbox 187 3138 317 3210; x_wconf 85' lang='lat' dir='ltr'><strong>propter</strong></span> <span class='ocrx_word' id='word_1_210' title='bbox 337 3126 476 3202; x_wconf 88' lang='lat' dir='ltr'><strong>ahuaurn,</strong></span> <span class='ocrx_word' id='word_1_211' title='bbox 498 3151 590 3211; x_wconf 88' lang='lat' dir='ltr'><strong>quem</strong></span> <span class='ocrx_word' id='word_1_212' title='bbox 611 3111 726 3198; x_wconf 72' lang='lat' dir='ltr'><strong>sciebat</strong></span> <span class='ocrx_word' id='word_1_213' title='bbox 752 3142 871 3205; x_wconf 86' lang='lat' dir='ltr'><strong>Deum</strong></span> <span class='ocrx_word' id='word_1_214' title='bbox 895 3147 1026 3209; x_wconf 77' lang='lat' dir='ltr'><strong>vehemeo</strong></span> 
     </span>
     <span class='ocr_line' id='line_1_31' title="bbox 87 3227 1028 3319; baseline 0.026 -31"><span class='ocrx_word' id='word_1_215' title='bbox 87 3240 135 3289; x_wconf 84' lang='lat' dir='ltr'><strong>ter</strong></span> <span class='ocrx_word' id='word_1_216' title='bbox 162 3227 304 3290; x_wconf 79' lang='lat' dir='ltr'><strong>aversari.</strong></span> <span class='ocrx_word' id='word_1_217' title='bbox 349 3230 393 3293; x_wconf 87' lang='lat' dir='ltr'><strong>Et</strong></span> <span class='ocrx_word' id='word_1_218' title='bbox 420 3233 518 3294; x_wconf 75' lang='lat' dir='ltr'><strong>voluit</strong></span> <span class='ocrx_word' id='word_1_219' title='bbox 544 3237 612 3317; x_wconf 88' lang='lat' dir='ltr'><strong>ipsa</strong></span> <span class='ocrx_word' id='word_1_220' title='bbox 640 3241 849 3319; x_wconf 86' lang='lat' dir='ltr'><strong>purissimus</strong></span> <span class='ocrx_word' id='word_1_221' title='bbox 882 3264 1028 3313; x_wconf 83' lang='lat' dir='ltr'><strong>contemtor</strong></span> 
     </span>
     <span class='ocr_line' id='line_1_32' title="bbox 81 3332 1029 3418; baseline 0.025 -23"><span class='ocrx_word' id='word_1_222' title='bbox 81 3352 152 3395; x_wconf 80' lang='lat' dir='ltr'><strong>ease</strong></span> <span class='ocrx_word' id='word_1_223' title='bbox 172 3333 218 3394; x_wconf 86' lang='lat' dir='ltr'><strong>rei</strong></span> <span class='ocrx_word' id='word_1_224' title='bbox 238 3333 317 3394; x_wconf 85' lang='lat' dir='ltr'><strong>male</strong></span> <span class='ocrx_word' id='word_1_225' title='bbox 338 3332 522 3412; x_wconf 76' lang='lat' dir='ltr'><strong>acquisitae,</strong></span> <span class='ocrx_word' id='word_1_226' title='bbox 545 3359 615 3398; x_wconf 87' lang='lat' dir='ltr'><strong>cum</strong></span> <span class='ocrx_word' id='word_1_227' title='bbox 638 3338 772 3405; x_wconf 84' lang='lat' dir='ltr'><strong>haberet</strong></span> <span class='ocrx_word' id='word_1_228' title='bbox 796 3346 885 3411; x_wconf 90' lang='lat' dir='ltr'><strong>alias</strong></span> <span class='ocrx_word' id='word_1_229' title='bbox 909 3374 945 3414; x_wconf 84' lang='lat' dir='ltr'><strong>ex</strong></span> <span class='ocrx_word' id='word_1_230' title='bbox 963 3355 1029 3418; x_wconf 81' lang='lat' dir='ltr'><strong>baut·</strong></span> 
     </span>
     <span class='ocr_line' id='line_1_33' title="bbox 87 3433 894 3529; baseline 0.019 -31"><span class='ocrx_word' id='word_1_231' title='bbox 87 3433 218 3498; x_wconf 87' lang='lat' dir='ltr'><strong>dictione</strong></span> <span class='ocrx_word' id='word_1_232' title='bbox 240 3434 359 3507; x_wconf 86' lang='lat' dir='ltr'><strong>divina,</strong></span> <span class='ocrx_word' id='word_1_233' title='bbox 382 3437 468 3517; x_wconf 85' lang='lat' dir='ltr'><strong>quod</strong></span> <span class='ocrx_word' id='word_1_234' title='bbox 489 3455 630 3523; x_wconf 82' lang='lat' dir='ltr'><strong>erogaret</strong></span> <span class='ocrx_word' id='word_1_235' title='bbox 650 3443 682 3504; x_wconf 87' lang='lat' dir='ltr'><strong>in</strong></span> <span class='ocrx_word' id='word_1_236' title='bbox 705 3454 894 3529; x_wconf 74' lang='lat' dir='ltr'><strong>pauperes.</strong></span> 
     </span>
     <span class='ocr_line' id='line_1_34' title="bbox 91 3535 1032 3643; baseline 0.026 -45"><span class='ocrx_word' id='word_1_237' title='bbox 91 3576 93 3582; x_wconf 21' lang='grc' dir='ltr'><strong><em>π</em></strong></span> <span class='ocrx_word' id='word_1_238' title='bbox 162 3535 268 3600; x_wconf 84' lang='lat' dir='ltr'><strong>Moses</strong></span> <span class='ocrx_word' id='word_1_239' title='bbox 294 3536 327 3598; x_wconf 88' lang='lat' dir='ltr'><strong>iu</strong></span> <span class='ocrx_word' id='word_1_240' title='bbox 349 3535 593 3604; x_wconf 85' lang='lat' dir='ltr'><strong>Deuteronomio</strong></span> <span class='ocrx_word' id='word_1_241' title='bbox 619 3544 708 3626; x_wconf 87' lang='lat' dir='ltr'><strong>jubet</strong></span> <span class='ocrx_word' id='word_1_242' title='bbox 739 3554 860 3616; x_wconf 86' lang='lat' dir='ltr'><strong>omnia</strong></span> <span class='ocrx_word' id='word_1_243' title='bbox 896 3560 1032 3643; x_wconf 79' lang='lat' dir='ltr'><strong>sculptilia</strong></span> 
     </span>
    </p>
   </div>
   <div class='ocr_carea' id='block_1_3' title="bbox 0 0 1138 4034">
    <p class='ocr_par' dir='ltr' id='par_1_3' title="bbox 0 0 1138 4034">
     <span class='ocr_line' id='line_1_35' title="bbox 0 0 1138 4034; baseline 0 0"><span class='ocrx_word' id='word_1_244' title='bbox 0 0 1138 4034; x_wconf 95' lang='lat' dir='ltr'><strong> </strong></span> 
     </span>
    </p>
   </div>
  </div>
 </body>
</html>
