2236 4034
392 204 591 291 .geneais.
791 190 794 196 ’
839 246 875 291 ‚t
932 213 991 281 133
1063 233 1065 237 ¹

30 349 125 413 uitato
147 347 403 433 promissionum
426 352 608 418 divinarum.
646 355 719 440 Ego
740 355 824 421 enim
844 360 937 425 orado
956 363 990 427 in

31 452 217 529 Christum,
238 474 336 536 quem
357 472 423 515 nou
445 456 553 534 vide03
586 456 642 520 aad
662 457 760 521 habeo
780 461 848 544 ejus
871 450 990 549 Baptis-

33 579 133 629 mum,
155 566 390 617 sacramentum
412 556 536 648 altaris,
571 559 817 623 consolationem
843 585 902 646 per
921 588 988 630 ver·

34 659 104 721 bum
124 670 157 719 et
177 656 422 722 absolutionem.
443 661 540 744 Atqui
558 661 643 737 nihil>
656 659 747 722 video
769 682 888 740 eorum,
907 685 988 747 quae

35 756 207 845 promittite
228 762 295 843 imo
317 762 418 826 sentio
439 748 630 845 contrarium
650 763 684 826 in
705 762 823 826 sarus?
842 763 890 825 lbi
909 786 986 849 ergo

38 862 215 927 laetandum
245 877 293 925 est
318 879 349 928 et
378 867 593 954 pugnandum*
613 866 759 930 aduersus
788 864 985 931 diffidentiam

38 978 64 1028 et
80 963 323 1028 dubitationem.
608 958 614 969 ’

99 1065 173 1130 ..ted
192 1063 277 1129 fides
300 1067 450 1133 ¹informis
470 1058 547 1131 nihil
568 1069 665 1145 valet,
695 1089 752 1131 neo
772 1070 875 1153 potest
895 1071 984 1132 susti-

40 1190 102 1231 nere
121 1180 153 1229 et
173 1165 262 1231 ferre
282 1170 358 1233 illos
378 1170 521 1250 impetus.
562 1173 644 1236 Vera
664 1186 765 1234 autem
786 1184 818 1234 st
844 1171 930 1233 vivax
950 1170 984 1232 fi-

41 1271 102 1346 tn,
126 1291 213 1352 quas
237 1271 336 1334 vineit
358 1272 595 1349 dubitationem,
621 1295 728 1336 revera
757 1283 803 1333 est
828 1272 984 1334 vivacissi-

40 1397 80 1437 ma
98 1373 258 1458 qualitas,
300 1375 326 1436 ai
347 1387 447 1438 umen
466 1375 508 1438 ita
529 1375 714 1459 appellanda
735 1386 798 1448 est,
828 1386 858 1436 et
878 1385 925 1434 eat
943 1373 983 1433 ir-

11 1470 16 1485 *
41 1477 204 1562 requietum
231 1475 358 1539 honum
386 1477 420 1537 in
451 1478 543 1540 corde
571 1491 694 1554 nostro,
724 1476 810 1559 quod
832 1471 983 1538 Diabolus
1070 1479 1078 1497 ³

43 1578 157 1662 singulis
179 1580 357 1641 momentis
376 1579 497 1662 impetit
517 1588 547 1640 et
569 1592 748 1663 oppugnat3
790 1579 870 1642 siout
889 1577 982 1663 inpri-

42 1683 89 1743 mis
112 1683 145 1742 in
176 1703 288 1768 agone
310 1681 419 1745 mortis
440 1681 569 1745 diaaitur
591 1693 621 1741 et
641 1680 790 1757 sentitur,
815 1693 923 1761 utrum
944 1679 982 1743 ait

40 1781 104 1844 idea
128 1778 307 1859 informis,
332 1806 371 1846 an
398 1805 469 1846 vora
497 1795 526 1845 et
553 1783 622 1845 viva
642 1780 728 1844 fides.
791 1782 982 1847 Christianus

41 1883 107 1946 euim
125 1883 217 1947 subit
240 1898 397 1964 mortem,
418 1886 592 1972 ingreditur
611 1884 826 1967 sepulchrum,
847 1884 982 1949 absumi-

42 1999 113 2050 tura
131 1987 323 2062 vermibus,
344 1987 481 2050 breviter
499 1989 532 2049 in
553 1987 681 2051 nihilum
702 1989 875 2076 redigitur,
896 1988 983 2073 quod

40 2112 98 2154 tana
116 2076 321 2154 contrariom
351 2104 397 2152 est
417 2087 563 2151 omnibus
585 2090 840 2174 promissionibus
861 2090 980 2153 divinis.

40 2194 109 2278 Ouid
127 2196 233 2280 igitur
255 2192 375 2259 faciat?
396 2191 444 2253 lbi
465 2191 609 2254 nimirum
626 2193 790 2275 experitur,
810 2192 904 2256 fidem
916 2216 980 2256 non

39 2319 91 2359 essa
119 2297 248 2361 nudam
279 2297 477 2380 qualitatem,
504 2297 530 2358 ai
557 2295 681 2380 quidem
709 2311 844 2361 terrores
872 2300 982 2363 mortis

40 2397 134 2474 vineit,
156 2412 190 2462 et
215 2397 311 2462 dicit:
333 2398 467 2460 Tametsi
488 2420 553 2463 non
575 2413 707 2464 mortem
727 2411 864 2476 tantum,
883 2400 983 2464 aedat

41 2501 112 2563 mille
131 2500 298 2565 Diabolos
320 2513 350 2564 at
369 2499 522 2565 infernum
543 2505 647 2588 ipsum
669 2502 783 2578 cervici
803 2501 982 2584 impositum

38 2604 215 2677 sustineres,
236 2616 346 2665 tamen
367 2625 431 2665 uon
450 2600 558 2666 faciam
580 2604 681 2667 Deum
704 2600 893 2664 mendaeem.
928 2597 981 2663 siu

36 2704 105 2766 enim
124 2705 235 2768 affecti
263 2719 337 2767 sunt
364 2706 458 2768 animi
478 2710 602 2792 piorum
628 2705 661 2767 in
689 2701 841 2787 ejusmodi
861 2721 980 2788 agones

34 2807 93 2870 Etsi
112 2807 296 2870 effunderet
317 2807 455 2874 infernus
476 2830 582 2872 omnes
603 2805 758 2882 flammas,
779 2818 809 2867 et
827 2816 982 2867 evomeret

35 2911 61 2973 iu
77 2934 147 2988 me,
170 2911 329 2995 quicquid
350 2922 395 2975 ast
415 2911 505 2989 mali,
533 2923 635 2973 tamen
656 2928 763 2970 maneo
784 2907 817 2968 in
837 2906 897 2971 fida
916 2908 980 2971 illas

37 3013 131 3078 Credo
154 3015 194 3077 in
216 3014 322 3077 losum
344 3013 519 3088 Christum,
541 3013 657 3075 Filium
669 3012 740 3097 'ejus
754 3011 898 3072 unicum:
919 3010 983 3072 Do-

36 3119 111 3181 mine
132 3118 244 3195 Deus,
265 3138 352 3181 aeras
372 3137 422 3177 me
442 3112 501 3198 uer
521 3111 691 3191 Christum,
711 3133 749 3173 ne
770 3111 886 3174 oriatur
900 3111 983 3174 blaa·

37 3221 157 3304 phemia
178 3222 255 3284 allaz
277 3223 328 3283 'l'u
348 3218 496 3281 mentiris.
549 3214 747 3279 Contrarium
768 3214 895 3298 quidem
916 3235 983 3276 seu-

39 3324 94 3399 tio;
115 3323 172 3386 sed
195 3323 327 3391 verbum
348 3337 436 3385 tuum
456 3319 573 3396 habeo,
601 3319 687 3402 quod
707 3339 769 3380 nou
791 3313 890 3392 fallit,
917 3315 982 3378 imo

43 3439 81 3487 est
98 3425 177 3487 mihi
198 3426 307 3492 omnia
327 3426 360 3487 in
382 3421 535 3490 omnihus.

112 3528 163 3591 At
191 3527 278 3591 huno
306 3529 437 3591 modum
465 3524 615 3607 scriptura
648 3534 756 3586 sauata
787 3519 986 3584 sommendat

46 3627 158 3708 Patres,
179 3642 211 3697 et
228 3632 384 3714 proponit
403 3627 541 3710 exempla
561 3623 633 3691 fidei
655 3626 800 3712 ipsorum
820 3623 988 3688 luoulsuta.
