2236 4034
127 181 189 251 236
305 153 570 261 'l'rigeeimum
590 178 766 250 tertium
786 188 938 262 ⁰⁸9⁸*

111 306 290 416 'significet
310 344 381 389 eum
401 323 584 411 aliquandiu
605 327 650 395 ihi
664 339 917 392 commoratum
939 347 1012 390 eree.
1030 328 1073 414 ly·

98 452 101 462 ·
125 455 159 494 re
185 427 223 493 de
252 425 401 492 cententie
421 429 634 494 Hebraeorum
665 444 795 507 narret,
831 429 998 493 hebiteene
1023 451 1074 495 een

124 532 192 596 illie
211 554 326 595 unnum
346 552 417 594 eum
434 530 583 608 dimidie,
604 555 683 616 quae
703 533 827 618 opinio
852 529 986 616 peperit
1005 555 1074 614 qnee

125 633 257 698 cuonem
278 631 485 714 eupericrem,
514 652 554 693 nn
585 633 624 694 eit
643 636 795 698 mentitus
820 631 948 708 laceb,
976 633 1004 696 ei
1027 636 1074 718 qui

125 738 198 803 dem
218 733 407 820 promiserit,
427 753 460 796 ee
480 743 643 796 venturum
661 735 696 796 in
716 734 808 813 Scir,
831 745 866 798 et
888 747 998 796 temen
1012 759 1073 800 neu

123 838 199 902 uerit
218 856 301 899 nnnc
323 849 354 898 et
373 833 500 897 dimidio
521 834 555 896 in
572 832 720 899 Suchctlr.
763 838 838 903 Sed
861 842 1023 904 incertum
1035 856 1072 920 ut,

124 926 219 1026 duem
235 937 295 1025 ‘din
315 935 360 997 ihi
380 935 530 1011 beccerit,
551 949 581 999 et
601 951 705 1004 utrum
727 942 770 1004 ed
789 939 944 1006 fratrem
966 946 1070 1021 renuit,

122 1062 162 1105 en
183 1061 256 1102 non.
294 1035 337 1100 Et
357 1047 459 1099 temen
486 1032 555 1098 lieri
582 1042 698 1122 putuit,
728 1044 802 1107 imo
834 1044 1020 1107 humanum
1042 1061 1070 1109 ut

121 1157 153 1208 et
172 1143 331 1220 ueitetum,
349 1155 385 1205 ut
396 1141 513 1204 mutuis
534 1141 639 1206 cfficiie
649 1155 808 1208 testentur
817 1166 976 1209 emerem
992 1158 1070 1226 enen,

123 1247 178 1331 qui
197 1245 327 1309 invicem
348 1244 409 1309 eibi
428 1243 617 1308 renonciliati
643 1257 724 1309 eunt.
765 1247 826 1310 Ad
856 1248 1003 1311 eundern
1025 1272 1070 1312 nc

122 1350 199 1415 dum
220 1368 313 1432 eeepe
326 1348 505 1411 convenitne
519 1344 628 1410 fretree
642 1347 821 1411 verisimile
837 1362 903 1426 eet,
923 1363 960 1414 et
981 1349 1069 1416 serice
1101 1432 1103 1441 Ι

119 1446 306 1529 emicitiem,
333 1463 363 1513 et
393 1451 520 1513 eundem
541 1448 633 1511 etiem
652 1448 733 1511 inter
752 1463 904 1534 nepotes
927 1465 962 1515 et
988 1454 1068 1517 effinu
1100 1472 1103 1547 Ι

120 1554 312 1621 eeuciliecee.
351 1551 423 1615 Huc
441 1553 554 1616 rectius
575 1549 650 1615 mihi
673 1553 764 1636 sequi
797 1554 944 1618 videtur
972 1577 1006 1619 er
1029 1579 1068 1635 ec,
1099 1550 1103 1673 1

121 1654 209 1744 q'nnd
230 1653 323 1733 dicit,
350 1655 503 1719 hebiteeee
524 1655 616 1716 lecob
636 1654 670 1716 in
684 1652 834 1718 Suelioth
856 1656 929 1721 fixo
948 1660 1067 1725 teherne·
1099 1676 1103 1689 ¹

119 1758 203 1835 culn,
221 1769 251 1820 et
275 1757 369 1821 dumc
389 1768 549 1833 exstructa,
570 1778 664 1841 quem
683 1758 858 1822 mentitum
882 1780 978 1839 ecee,
998 1775 1025 1826 ct
1040 1764 1067 1828 ul

117 1860 242 1927 fratrem
264 1882 328 1925 nun
348 1861 516 1926 accensione.
997 1846 1002 1855 ’

177 1962 314 2045 Retro,
342 1974 377 2026 ut
397 1965 458 2027 hoc
479 1961 580 2025 obiter
599 1957 741 2042 eddem„
756 1956 808 2022 fui
839 1961 1024 2049 eliquaudc
1043 1970 1065 2033 ir

116 2085 153 2130 ee
173 2062 339 2147 opinione,
367 2065 529 2151 Beniamin
559 2063 619 2124 hcc
649 2082 733 2124 enno
762 2063 896 2129 reditun
921 2092 961 2132 ex
980 2071 1065 2136 Mecu-

114 2166 254 2254 petemin
274 2179 382 2230 netum
413 2189 490 2231 esre.
529 2162 593 2229 Sed
618 2162 826 2246 deprehendi,
865 2191 942 2234 eem
970 2171 1065 2239 falcem
1101 2118 1104 2267 i

64 2320 69 2340 ‚
115 2291 200 2346 eree,
220 2281 251 2332 et
271 2282 380 2332 cetere
401 2269 522 2332 circiter
542 2285 623 2327 enno
643 2279 718 2349 poet
737 2280 866 2332 netum.
912 2272 976 2336 Eet
996 2279 1064 2341 enin
1102 2320 1104 2343 .

113 2369 277 2458 diligentie
296 2371 384 2436 utilit
404 2381 434 2435 et
455 2365 625 2432 necessarie
650 2368 811 2452 inquirere
834 2385 871 2436 et
895 2378 1064 2444 meminiue

112 2475 225 2539 eeriem
245 2487 419 2559 temporum
440 2473 475 2535 iu
495 2490 579 2534 cecre
599 2467 735 2544 historie.
775 2469 907 2538 Paulus
930 2482 1064 2564 gemilu

111 2578 196 2665 giem
223 2598 447 2662 personarum,
486 2593 551 2637 nnn
578 2584 755 2653 temporum
784 2572 967 2656 prohibet3
1002 2583 1063 2647 hecc

111 2681 197 2743 enim
226 2679 266 2743 ed
291 2677 503 2763 cognitionem
532 2674 701 2756 eeeiptnree
729 2688 860 2740 cunctae
896 2683 1063 2760 plurimum

109 2782 246 2865 prudent.
288 2780 345 2842 llle
365 2799 438 2841 vern
468 2787 598 2860 propter
621 2776 825 2854 conluuionee
855 2782 1003 2849 inlinitee
1027 2790 1062 2850 iu·

106 2895 194 2951 certe
224 2891 288 2957 eet,
315 2893 345 2943 et
372 2899 470 2962 paene
501 2876 703 2957 impossibilis
732 2877 766 2939 in
792 2892 888 2946 tentn
920 2890 1062 2956 verietate

108 2980 290 3067 nuptiarum
310 2979 531 3054 necunderum,
562 2979 718 3043 tertiernm
738 2994 805 3044 etc:
829 2984 913 3052 item
937 2989 1060 3056 familie·

106 3109 179 3154 rum
206 3083 396 3157 direreitete,
424 3102 502 3165 quee
523 3082 615 3145 reriir
636 3083 735 3146 medie
755 3090 954 3156 commixtae
987 3110 1057 3159 cnut

106 3186 208 3270 Saepe
236 3184 347 3260 etiem,
373 3194 408 3245 ut
427 3166 511 3267 liyre
536 3183 656 3246 ¹uliculri
681 3197 824 3265 tentetur,
856 3214 947 3256 unue
970 3197 1057 3261 hene

105 3287 285 3358 nominetur
304 3285 427 3348 duubue
446 3285 495 3348 vel
517 3283 615 3349 tribue
637 3288 838 3368 nominihus,
869 3308 928 3357 eut
958 3300 1056 3382 plurce

88 3410 168 3452 xerere
191 3386 315 3451 numine
337 3402 566 3469 nuncupentur.
605 3391 665 3455 Eut
683 3392 780 3478 igitur
794 3400 999 3486 genealogie
1012 3426 1054 3468 ree

62 3536 68 3553 ,
103 3487 325 3569 inextricabilis
346 3498 376 3548 et
396 3488 571 3569 prohibitu,
593 3507 623 3556 et
645 3494 698 3578 qui
719 3495 801 3558 volet
819 3520 877 3563 ene
899 3507 1052 3571 curineiue

103 3591 307 3680 inrietigere,
329 3600 428 3659 tumel
447 3589 588 3681 laborem
610 3597 741 3668 neum.
782 3595 851 3668 sed
873 3616 1051 3691 temperem

69 3756 125 3776 Ja-
