2236 4034
122 166 216 268 bob:
267 204 276 285 Ἰ
303 190 556 284 Vigesimu'ui
578 207 760 289 osterum
784 209 904 279 ceput

120 342 192 408 'Deo
206 326 319 411 rovere
330 338 346 422 ‚¹
360 358 412 407 sut
433 365 525 428 quem
542 344 587 409 sic
598 344 753 429 appellet,
786 316 956 408 Dominum
972 345 1074 406 Deum

122 450 237 523 turtml’
259 436 316 512 Est
330 436 819 537 ,decesserimus'Prophetarum
842 448 1017 535 discipulis,
1038 444 1073 507 fi·

119 550 190 626 tiis,
218 532 385 627 uxoribus}
414 550 625 636 pauperculis
643 564 674 613 et
702 550 874 636 egentibus.
917 549 971 615 leti
1002 549 1081 609 suutx

122 642 229 715 utendi*
259 653 387 715 decimis
417 654 486 718 Deo
517 654 649 728 oblatis,
686 675 744 738 per
773 673 823 714 ees
853 652 946 712 ulitur
979 651 1071 712 Deus.

123 756 282 840 Quicquid
312 758 411 832 enen,
438 754 540 841 inquit
562 757 662 831 Deus,
695 757 815 818 dederis
836 754 1072 817 filiis‘saeerdo·

84 880 102 909 ··
120 869 187 920 tum
210 872 239 919 et
261 859 502 940 Prophetarum,
527 879 584 941 per
605 855 846 942 quos'doctrinu
867 868 1071 941 propagetur,

120 958 285 1022 hoc'mibi
307 963 411 1024 dutum
441 963 608 1045 cogitabis:
632 982 704 1021 'non
733 974 767 1022 ut
797 975 826 1023 te
851 976 982 1044 propter
1012 959 1072 1022 hoo

121 1081 202 1146 opus
223 1062 405 1146 justificem,
433 1064 490 1127 sed
510 1086 570 1148 pro
592 1060 765 1148 gratiarum
786 1065 907 1127 ectious
928 1076 958 1125 et
979 1062 1071 1124 seori·

118 1161 189 1226 ficio
210 1163 331 1245 leudis,
362 1168 449 1251 quod
469 1181 499 1231 te
522 1166 701 1251 justificari,
731 1181 761 1231 et
789 1169 824 1230 in
844 1168 1070 1250 temporalibus

112 1267 212 1330 'etiem
234 1268 291 1330 tibi
305 1269 473 1331 benedixi:
505 1284 534 1332 et
555 1272 684 1355 insuper
713 1271 848 1355 emplius
876 1269 1069 1346 benedicam,

120 1371 146 1433 ei
167 1369 335 1448 audireris,
361 1372 388 1436 si
408 1373 520 1438 elucris
543 1387 574 1438 et
594 1375 708 1439 loceris
737 1375 867 1459 miseros
888 1373 972 1439 tilios
994 1373 1070 1435 Pro·

70 1482 86 1537 '.
118 1473 290 1557 pheterum.

200 1566 320 1658 Meges
347 1585 482 1649 essese,
504 1577 590 1658 quod
613 1577 702 1643 toties
725 1576 839 1659 repetit
861 1574 1018 1659 scripture
1037 1575 1069 1637 iu

32 1728 36 1739 .
119 1676 233 1760 Mose,
253 1676 421 1742 Salomone
443 1688 472 1739 et
487 1675 637 1739 Psalmis:
660 1678 720 1754 „si
742 1677 820 1763 quid
843 1679 981 1755 voreris,
1002 1679 1068 1740 red·

119 1783 195 1846 ds“.
222 1782 265 1849 Et
284 1780 422 1865 pertinet
439 1778 473 1842 id
493 1793 696 1864 praeceptum
716 1781 847 1842 menime
867 1779 907 1842 ed
928 1780 1065 1842 sucerdo-

118 1896 182 1962 tce,
203 1896 239 1946 ut
259 1891 460 1946 conservetur
480 1880 696 1944 ministerium·
726 1882 760 1946 Si
781 1885 904 1945 voreris
927 1897 978 1945 eut
997 1905 1069 1966 pro-

118 1985 241 2049 miseris
255 1984 384 2048 tutelam
400 1983 595 2060 scholarum,
616 1984 703 2060 vide,
723 1998 760 2047 ut
774 1986 898 2047 reddas.
927 1986 969 2049 Et
981 1986 1069 2049 Chri-

115 2101 184 2151 stus
204 2087 309 2173 inquit
330 2085 458 2163 (Msuh.
481 2091 531 2158 96,
554 2091 633 2157 113:
669 2082 852 2171 „Purpureo
875 2111 999 2175 semper
1019 2091 1069 2152 bu·

111 2189 200 2252 betis
219 2189 426 2277 uobiscum“‚
453 2189 636 2274 pree-sertim
664 2198 806 2273 tempore
834 2193 960 2254 revelati
981 2213 1069 2254 esuu-

113 2293 204 2378 gslii.
240 2283 363 2356 Accidit
383 2293 468 2356 enim
488 2292 582 2356 verbo
603 2292 663 2354 Dei
684 2303 715 2353 et
735 2291 969 2376 professoribus
991 2297 1067 2377 ejus,

118 2396 208 2481 quod
237 2394 306 2458 eliis
334 2395 452 2483 ortibus
481 2394 654 2473 ‚omuibusp
671 2406 707 2453 ut
736 2394 853 2456 dicitur
880 2395 1067 2461 Germanico

110 2493 304 2583 'proverbios
325 2497 385 2562 Die
406 2501 508 2563 llunst
528 2499 605 2587 geht
625 2494 705 2558 noch
725 2495 820 2559 Brod.
848 2501 989 2575 „Beetsis
1007 2502 1069 2586 ‘igi-

116 2614 190 2679 tur,
210 2601 266 2685 qui
285 2602 438 2688 intelligit
457 2624 553 2691 super
574 2622 709 2689 egenum
730 2609 761 2661 et
780 2621 950 2686 pauperem
958 2612 996 2680 “,
1024 2605 1069 2666 iu·

87 2783 89 2786 .
119 2704 188 2789 quit
208 2704 377 2798 promissio
399 2696 503 2769 divine
524 2705 652 2780 (Pell,
673 2710 724 2775 1.).
747 2704 884 2767 Primum
904 2706 986 2768 enim
1001 2726 1066 2791 gre·

31 2822 34 2831 ·
117 2806 193 2869 tium
213 2806 327 2883 hebes,
357 2820 388 2871 ut
408 2829 441 2870 es
463 2805 642 2891 justificatus
673 2805 790 2891 gratis,
818 2808 853 2870 id
874 2830 1011 2892 agnosce
1040 2822 1068 2872 et

117 2910 161 2973 sis
182 2923 309 2997 gestus,
338 2923 411 2974 tuuc
431 2911 474 2973 its
503 2910 559 2971 tibi
579 2909 776 2983 benedicum,
806 2908 847 2970 its
868 2910 1067 2994 locupletabo

72 3059 77 3069 -
116 3026 148 3105 et
168 3013 333 3105 cumulabo
354 3026 401 3090 te,
431 3025 467 3075 ut
486 2996 609 3075 ubuude
639 3010 697 3072 tibi
728 3009 917 3077 satisfactum
946 3016 1067 3076 senties.

110 3114 317 3181 Et'monere
346 3136 403 3178 uos
432 3115 467 3177 in
494 3114 604 3199 primis
634 3114 696 3176 hoc
726 3108 877 3190 debebut3
908 3129 944 3178 ut
965 3116 1069 3178 studia

117 3217 300 3283 discentium
337 3231 367 3281 et
397 3216 574 3280 docentium
609 3216 740 3278 libenter
766 3216 963 3298 juvaremus,
995 3219 1068 3304 quie

115 3322 190 3385 illue
210 3323 422 3403 eleemosynae
439 3310 643 3401 eppell'untur
661 3318 721 3382 hoc
740 3320 813 3381 loco
835 3317 981 3398 decimue,
1003 3340 1067 3382 nou

115 3426 198 3501 illis,
220 3423 275 3486 sed
297 3424 365 3484 Deo
388 3422 484 3484 detue.
524 3420 567 3484 Et
588 3420 730 3483 Christus
750 3421 855 3506 iuquit
876 3421 1066 3497 (Musteus,
1090 3429 1095 3443 '

115 3514 200 3599 400³
223 3526 352 3604 „Amen
374 3524 443 3585 dico
460 3522 570 3589 vobisc
593 3522 742 3606 quioquid
761 3521 876 3587 lecistis
891 3524 948 3588 uni
969 3523 1067 3589 dehis

107 3618 364 3696 detrimeneta
385 3625 541 3706 minimis,
561 3622 640 3689 mihi
658 3620 813 3691 lecistis“.
851 3668 873 3715 3
953 3664 956 3669 -
