2236 4034
446 170 621 265 genesis.
939 183 1016 249 ¹955„

139 323 218 411 Post
247 325 526 410 expostulationem
554 340 654 388 autem
681 319 735 387 liet
763 345 869 406 renim
897 327 1004 411 couju-

59 430 166 516 ginm,
187 430 313 517 quando
333 429 418 492 Dens
439 431 597 517 dispensat
617 441 648 494 et
668 426 831 492 confirmat
850 429 932 494 hano
952 451 1004 495 oo·

58 535 188 618 polam,
217 532 321 595 dando
345 518 472 616 'prolem
498 535 640 611 Simeon,
668 532 765 608 Levi,
791 532 906 595 Ruben
926 547 1003 597 etos

60 639 100 702 de
119 631 202 700 muse
223 657 257 699 es
277 634 475 725 wohlgethau
496 628 636 716 heissen,
655 649 691 701 ut
711 636 832 718 omniu,
862 657 941 721 quae
961 635 1004 700 fa-

59 731 146 813 ciunt
165 740 276 817 sancti,
297 750 502 823 cooperentur
521 739 566 802 eis
585 739 619 803 in
638 741 766 805 bonum.
793 735 926 824 Alioqui
938 761 1005 803 non

58 858 103 910 est
123 867 184 911 neo
206 840 408 930 conjuginm,
433 862 494 907 nec
513 840 720 922 adulterium,
749 843 804 909 sed
824 843 1005 929 simpliciter

58 958 246 1011 monstrum.
286 940 464 1029 Nequeunt
490 944 675 1045 imitandum
701 949 793 1029 nohis
819 948 879 1012 hoo
905 966 1004 1011 exem·
1030 991 1032 995 -

57 1051 157 1136 plum.
199 1045 275 1114 Non
295 1061 366 1113 sunt
386 1047 521 1134 cogendi
540 1050 631 1115 liberi
651 1052 690 1117 sd
706 1073 844 1116 amorem
859 1063 912 1114 eut
931 1072 1005 1115 con·

57 1150 157 1219 nubis
176 1172 305 1240 mrum,
326 1175 344 1214 a
367 1151 479 1236 quibus
500 1150 674 1217 abhorrent.
705 1151 798 1242 'Sutia
816 1151 934 1239 alioqui
953 1177 1005 1217 su-

56 1279 180 1343 perque
200 1258 272 1321 satis
291 1256 501 1343 periculorum
522 1267 551 1318 ot
571 1257 730 1320 molestiae
753 1256 883 1334 insidis,
903 1256 931 1320 si
951 1255 1004 1325 etis

58 1378 109 1424 em
129 1362 329 1457 amoreinter
349 1380 381 1422 se
393 1357 533 1443 ardentes
545 1344 789 1446 conjnn'gnntur,
811 1362 889 1426 siout
903 1372 1004 1426 osten·

57 1466 141 1551 dunt
168 1461 351 1551 quotidiana
390 1464 538 1548 exempla·
593 1464 705 1548 Neque
740 1463 831 1528 etiam
858 1462 1006 1549 potientis

57 1567 139 1641 haec
158 1566 199 1631 ed
217 1568 422 1631 imitationem
442 1579 489 1632 est
501 1566 677 1651 proposita,
699 1564 772 1650 quia
792 1568 886 1631 nimis
906 1570 1006 1636 ardue

60 1681 93 1733 et
110 1662 207 1754 plane
226 1667 354 1732 heroica
374 1683 435 1746 est,
465 1673 601 1756 perferre
620 1694 657 1737 ao
676 1672 742 1755 pati
762 1690 863 1752 aequo
884 1668 1006 1753 animo,

60 1785 98 1836 ct
118 1792 235 1856 sponsa
247 1770 398 1858 eripietur
417 1773 485 1858 ipse
498 1777 575 1839 hora
594 1788 625 1839 et
637 1786 795 1838 momento
817 1774 1005 1858 nuptiarum.

58 1874 139 1973 ldeo
154 1866 264 1965 mirqri
283 1876 383 1962 magis
404 1891 435 1976 et
462 1876 658 1963 praedicere,
691 1900 784 1965 quam
802 1878 916 1944 imitari
936 1902 1006 1945 eam

61 1972 181 2039 licebit.
828 2000 830 2005 ’

141 2120 252 2210 Pergit
271 2137 373 2190 autem
394 2127 500 2194 Moses
532 2125 725 2206 describere,
754 2132 879 2214 qnando
901 2131 1008 2217 depre-
1067 2194 1069 2201 ,

61 2224 207 2289 henderit
236 2227 346 2293 dolum
366 2232 476 2311 lacob,
505 2248 536 2298 et
564 2235 725 2319 quomodo
754 2233 847 2298 fuerit
872 2236 1007 2321 effeetus.

60 2328 155 2394 Haud
176 2329 273 2394 dubie
294 2335 377 2396 enim
396 2337 593 2402 vehementer
616 2336 674 2400 suit
694 2347 916 2416 consternetur,
936 2361 1008 2404 cnm
1029 2344 1031 2352 '

63 2424 153 2497 mune
172 2434 373 2502 illucescente
401 2441 466 2503 sole
495 2440 589 2517 vidit,
618 2440 677 2502 sibi
704 2440 835 2503 alienam
863 2442 1008 2525 conjunc·

57 2548 124 2599 tam
144 2561 223 2603 esse.
264 2543 332 2608 Neo
353 2566 390 2608 eo
411 2546 512 2608 solum
533 2542 713 2627 perterritus
735 2552 797 2616 est,
819 2543 905 2624 qnod
926 2544 1009 2606 ride·

60 2628 118 2715 ret,
140 2641 203 2703 sihi
225 2665 292 2708 esee
314 2647 508 2731 impositum,
528 2658 558 2708 et
571 2655 706 2729 ereptam
718 2645 904 2707 carissimam
915 2666 1009 2728 spon·

63 2762 148 2819 seme
180 2747 237 2811 sed
257 2751 385 2812 accessit
415 2752 507 2813 etiam
535 2768 633 2830 paror
659 2746 861 2811 conscientiae
879 2763 1011 2834 propter

65 2858 207 2928 stuprum
230 2864 283 2913 ant
303 2853 470 2914 incestnms
494 2851 569 2936 quia
589 2851 648 2912 luit
668 2850 738 2932 pius
759 2859 788 2910 et
808 2851 940 2918 sanctus
952 2855 1009 2933 vir,

65 2949 116 3033 qui
138 2953 242 3038 megia
265 2953 303 3015 de
325 2967 471 3036 peceato,
494 2978 587 3039 quam
608 2956 647 3016 do
667 2943 789 3037 injuria*
804 2954 911 3019 doluit.
943 2959 1010 3022 Neo

64 3054 166 3135 potnit
187 3057 293 3118 statim
314 3057 505 3142 intelligere,
534 3058 694 3142 quomodo
722 3056 797 3120 haec
823 3061 1010 3141 permutatio

62 3156 235 3220 accidisset.
277 3159 394 3242 Rejicit
421 3173 523 3224 eutem
551 3163 675 3244 eulpam
702 3161 736 3222 iu
756 3161 886 3238 Laberi,
913 3177 943 3225 et
968 3176 1012 3227 te-

61 3272 160 3322 statur
183 3284 278 3323 suam
320 3264 547 3328 innocentiam:
584 3264 650 3328 cur
680 3265 742 3327 hoo
781 3265 858 3326 mihi
887 3267 1010 3330 fecisti?

59 3364 178 3441 Nonne
207 3387 269 3450 pro
291 3368 408 3432 Rahele
429 3368 542 3432 serviri
569 3367 651 3431 tihi?
699 3367 804 3451 Quare
835 3370 1011 3455 imposuisti

59 3467 163 3531 mihi?
