2236 4034
206 182 218 203 Ι
310 202 313 207 ’
347 222 385 317 Μ’
408 215 587 307 genecio·
934 218 978 286 99

62 366 334 433 redeatinationem
357 366 408 429 rel
428 364 675 457 promissionem.
716 362 818 425 Nobia
841 384 906 427 non
928 379 973 430 eat

62 470 245 557 :putandum
266 468 305 532 de
326 480 441 531 eventu
460 489 567 531 rerum
587 467 652 529 aine
673 465 788 539 verbo,
819 480 972 535 ettamen

77 572 297 659 promissione
323 591 391 633 non
410 576 457 634 e'et
483 570 700 635 dubitandum.
742 567 808 632 Ubi
835 592 899 632 non
927 584 974 637 eet

62 676 209 751 omiaaio,
238 676 285 736 ibi
304 676 384 737 nihss
404 675 594 739 tentandum
614 686 676 748 eat,
705 670 760 733 ted
781 672 973 756 sequendum

62 790 68 840 t
85 778 268 861 exemplum
290 778 469 855 Rebeccae,
500 799 578 862 quae
598 787 719 860 poterat
747 773 803 835 niti
823 773 880 835 bac
900 794 973 858 pro-

62 880 191 942 uniones
210 878 306 945 iacob
326 878 417 955 vivet,
445 879 516 963 quia
538 878 629 941 debet
648 874 716 938 fieri
735 887 825 958 pater
844 876 975 959 paeteri-

62 985 110 1060 tie3
138 982 196 1044 aed
219 1000 286 1042 non
306 980 477 1044 contemnit
497 982 636 1045 oblatum
657 976 842 1052 medium,'
831 998 895 1041 imo
915 978 976 1044 nti·

62 1108 73 1147 r
92 1104 142 1159 eo,
163 1096 201 1147 nt
223 1083 325 1166 poaait
345 1080 481 1171 effugere
501 1081 677 1187 pericnlum
697 1079 790 1141 filiun.
831 1077 919 1143 Id'
886 1080 977 1144 nami

61 1210 92 1249 m
113 1197 161 1248 eat
182 1184 324 1261 eredere,
344 1196 495 1251 ettamen
516 1208 579 1249 non
599 1198 717 1247 tentare
739 1184 851 1247 Deum.

101 1286 276 1351 Caeterum
310 1309 375 1350 non
404 1288 528 1350 credere
557 1285 767 1370 promittenti,
799 1298 830 1348 at
858 1298 976 1350 tentare

62 1414 136 1463 eum,
156 1390 192 1452 in
215 1411 320 1474 aequo
342 1389 444 1472 posita
465 1402 546 1464 aunt,
567 1401 597 1451 et
614 1387 783 1473 utrobique
796 1386 978 1476 graviaaime

62 1506 187 1568 tenatur,
210 1493 287 1577 qnia
305 1494 390 1556 Deua
411 1494 488 1565 vult,
509 1514 566 1554 noe
587 1489 733 1553 creaturis
753 1489 809 1564 uti,
831 1498 905 1573 quat
927 1489 977 1552 de·

62 1609 80 1671 t,
100 1608 130 1657 et
150 1594 228 1657 ideo
252 1592 348 1671 dedit,
367 1603 403 1653 ut
421 1590 462 1653 iia
480 1603 615 1654 utamur.
651 1591 725 1653 Non
745 1589 841 1676 igitur
859 1602 980 1652 tentan-

62 1722 85 1761 ιι
104 1710 150 1760 eat
164 1698 267 1772 Deua,
288 1695 368 1758 eicnt
387 1692 491 1756 ludaei
510 1694 545 1755 in
567 1694 688 1755 deserto
701 1692 857 1754 tentabant
869 1694 980 1773 Deum,

82 1800 232 1866 atrociter
260 1797 490 1889 puniebantur,
521 1794 606 1879 qnod
635 1796 810 1876 exemplum
842 1797 934 1858 etiam
962 1818 982 1859 a

62 1906 100 1969 'uo
117 1902 226 1967 Paulo
248 1901 415 1985 allegatur,
438 1898 539 1967 icor.
559 1899 605 1969 10,
628 1894 673 1970 [r.
695 1900 751 1969 9.).
772 1892 815 1961 Et
836 1897 983 1961 detestan-

62 2018 134 2070 reet
161 2004 291 2067 insania
310 2004 366 2066 ilia
393 2003 554 2065 hominnm
582 1997 786 2062 fanaticorum
814 2000 983 2063 admodum

62 2108 197 2185 enniana,
227 2127 311 2190 qnae
337 2116 439 2165 tamen
459 2102 520 2164 late
550 2102 643 2166 bodie
664 2101 781 2186 serpit,
809 2116 845 2165 ut
865 2103 985 2167 dictum

62 2222 79 2271 n
97 2224 198 2273 antea.
221 2210 318 2270 Talea
339 2205 422 2267 enim
444 2204 623 2266 subvertunt
637 2205 813 2267 nniversam
830 2203 985 2289 pietatem,

61 2339 105 2377 nn
124 2315 195 2376 aine
216 2312 318 2373 verbo
338 2307 372 2373 in
384 2307 693 2392 praedestinationem
713 2308 818 2370 omnia
833 2309 985 2392 rejiciunt.

94 2392 216 2478 ¹Porro
240 2414 386 2475 Rebecca
406 2412 529 2496 ablegat
548 2410 649 2486 iacob,
671 2433 735 2474 non
756 2414 859 2474 solum
879 2424 914 2474 ut
935 2412 988 2476 de·

62 2518 134 2580 linet
150 2517 296 2579 furorem
317 2515 434 2591 fratria,
466 2514 519 2576 aed
539 2513 612 2575 ideo
641 2513 750 2588 etiam,
782 2513 855 2598 quia
874 2515 990 2603 cogitat
1052 2496 1055 2501 ¹

62 2642 80 2683 e
98 2640 191 2682 uxore
211 2617 282 2680 filio
304 2617 499 2701 prospicere,
520 2615 598 2676 sicut
618 2629 764 2699 aequetur
783 2633 899 2701 poatea.
927 2617 989 2680 Ne-

62 2744 99 2784 ne
118 2721 164 2782 aio
185 2720 306 2805 cogitat
325 2719 524 2783 fanaticorum
544 2738 647 2778 more:
675 2718 776 2780 Habet
801 2701 998 2782 benedictioss

62 2846 128 2899 em,
157 2824 224 2886 aire
253 2837 374 2884 maneat
401 2824 433 2883 in
461 2834 561 2895 terra,
583 2820 646 2880 aive
667 2842 750 2896 non,
775 2824 904 2905 perinde
926 2836 987 2885 eat:

62 2929 101 2988 ire
123 2926 249 2988 duxerit
269 2946 412 2999 uxorem,
434 2924 496 2986 aire
518 2944 601 2996 non,
626 2935 729 2983 tamen
749 2926 816 3004 {erit
836 2939 925 3009 pater
945 2947 991 2987 ae·

61 3028 151 3103 tinia,
172 3040 204 3088 et
227 3026 351 3088 babebit
371 3036 523 3087 aeternum
543 3025 761 3108 posteritatem.
794 3030 857 3091 Aut
872 3028 992 3090 etiamsi

62 3131 241 3192 {ananaeam
270 3129 408 3202 duxerit,
442 3150 515 3211 quae
548 3150 608 3211 ego
634 3128 778 3212 indignae
806 3130 910 3212 judico
933 3132 993 3193 boo

62 3234 181 3305 nonore,
204 3231 361 3292 Dominna
382 3245 483 3292 tamen
505 3230 628 3304 efficiat,
654 3243 689 3290 nt
709 3227 762 3290 fiat
782 3230 874 3318 digna
897 3246 995 3295 mater

62 3337 133 3397 atina
153 3333 270 3417 prolia.
291 3333 500 3417 Nequaquam
521 3332 580 3393 hoc
601 3332 727 3415 cogitat,
749 3333 803 3394 aed
824 3333 899 3395 vitat
919 3332 994 3395 istaa

62 3436 241 3509 lananaeat,
264 3456 342 3517 quaa
352 3457 477 3517 semper
493 3448 629 3496 aversata
646 3447 700 3507 est,
722 3447 751 3494 et
772 3434 803 3495 id
819 3436 884 3520 agit
899 3457 998 3519 qnan-

62 3564 113 3602 nm
134 3551 322 3622 poteetaeper
341 3536 437 3612 lenae,
457 3549 493 3599 nt
514 3536 604 3599 ducat
625 3535 716 3597 Iacob
737 3557 865 3598 uxorem
886 3559 922 3598 ex
942 3558 998 3599 aua

62 3640 261 3728 generatione.

648 3741 704 3810 7*
