2236 4034
122 193 185 264 260
290 189 564 277 'l'rigeaimusn
584 206 778 277 quartam
803 202 942 278 caput

27 410 30 415 ,
124 339 214 406 omni
233 338 412 427 disciplina,
426 341 574 406 honestis
594 343 741 409 mosibns'
761 355 801 411 et
823 338 980 427 legibuss
997 353 1024 406 at
1039 342 1075 408 ia
1106 424 1108 435 Ι

74 480 79 492 .
123 445 277 532 punibile
297 459 354 524 eat,
373 445 534 529 politicam
553 466 668 530 pacem·
683 448 758 510 sine
778 445 923 533 justitia
938 457 972 508 at
988 446 1077 509 maffia
1104 446 1109 503 3

125 549 172 613 ari
193 546 361 632 disciplina
380 550 567 614 consecrari.
606 548 680 613 ideo
715 542 887 633 displicet
908 542 973 610 hoc
991 545 1077 611 amn
1105 566 1109 645 j

124 650 238 714 incolis
257 650 343 714 illias
354 663 473 715 terrae.
513 650 557 716 Et
572 652 742 717 'omnium‘
757 652 887 720 studia-
912 662 948 713 et
967 645 1078 713 volante
1104 652 1109 741 l

124 765 171 817 tes
193 765 223 816 et
243 753 470 819 commiseratio
491 753 690 819 inclinat'arl
711 757 865 819 domum
889 753 1006 831 lacob,
1030 757 1076 817 olis
1107 748 1109 797 Ι

111 869 230 923 mntem
249 855 420 932 bonoram,
440 870 472 920 et
491 856 654 920 detestatio
675 858 820 922 sceleris
844 859 884 922 in
905 858 1076 922 demanii

125 962 233 1027 cbems
254 963 327 1048 quia
346 981 454 1027 omnes
474 959 628 1046 jaslicant,
647 981 714 1025 non
737 958 945 1045 oportuisse
964 958 1008 1022 sic
1024 955 1075 1038 fieri,
1107 978 1109 983 ·

72 1052 78 1062 ⁶
125 1065 188 1129 boo
207 1077 265 1143 est,
284 1054 391 1130 contra
409 1062 515 1126 bonos
534 1083 638 1127 morea
657 1075 687 1127 st
707 1064 809 1150 loges
820 1073 1008 1146 ,peccatura
1024 1084 1074 1129 essa

124 1246 306 1312 Locutus
336 1256 398 1309 eat
432 1255 564 1309 autem
592 1242 744 1308 Hamor
784 1265 887 1310 oum
928 1243 1007 1322 eis,
1038 1245 1075 1308 di·

126 1368 237 1417 acuar
266 1347 466 1426 sichem,
488 1346 575 1412 filii
602 1348 879 1425 meh-aniana
910 1347 1075 1414 adhaesit

124 1451 242 1517 tiliae
262 1464 438 1527 sestrse3
459 1450 564 1529 date,
585 1472 755 1536 quaeso,
788 1472 890 1517 sam
912 1449 989 1514 illi
1004 1471 1075 1513 nna·

124 1578 216 1622 rem.
255 1555 420 1641 lungite
441 1552 649 1618 uobiscum
669 1554 965 1630 affinitatem,
984 1551 1074 1617 filias

122 1673 284 1749 ¹vestras
304 1656 459 1723 tradite
479 1656 615 1732 nobie,
636 1669 672 1721 et
687 1656 822 1723 filias
845 1668 1022 1722 nostras
1037 1679 1073 1720 ac

124 1764 262 1848 cipite.
303 1762 353 1827 Et
373 1758 556 1822 habitate
586 1759 825 1838 nobiscnm,
858 1760 984 1848 regio
1009 1761 1072 1845 ipsa

125 1866 246 1931 robis
266 1861 440 1950 patebit,
468 1861 651 1926 habitata
672 1873 710 1926 et
728 1864 1034 1952 negotiemini,
1048 1877 1071 1928 et

268 1966 577 2061 possessionem
597 1965 802 2050 acquirite
823 1969 870 2031 in
896 1988 956 2031 ea.

207 2090 392 2175 Alloquitur
411 2112 464 2155 eos
485 2090 606 2153 Hemcr
626 2092 692 2154 sine
711 2091 944 2177 praefatione,
972 2104 1003 2155 et
1020 2112 1069 2176 esp
1107 2092 1110 2117 ¹

127 2191 254 2257 tationis
274 2194 506 2257 benevolentiae
522 2192 725 2258 obliviscitur.
765 2194 843 2285 Nec
857 2198 1010 2283 agnoscit
1026 2196 1069 2258 cal·

79 2346 84 2359 ,
123 2317 216 2381 pam,
237 2316 295 2358 neo
314 2291 479 2355 confitetur
496 2310 678 2378 peccatum,
708 2299 812 2361 multo
845 2299 963 2361 minus
985 2298 1069 2382 (lepre

25 2400 48 2483 ,⁵
124 2414 221 2464 catur.
260 2397 363 2461 Nimis
383 2399 536 2480 superbus
557 2413 612 2476 cat,
637 2421 672 2464 ao
691 2416 872 2485 propterea
894 2403 1069 2490 ingravescit

54 2532 57 2537 ·
123 2515 296 2587 peccatum.
337 2498 380 2562 Et
399 2497 456 2561 lilii
477 2500 567 2565 Iacob
590 2500 933 2591 offensiflacerbissima
962 2518 994 2569 et
1019 2527 1069 2590 gra

124 2607 248 2670 sissima
268 2601 447 2690 ignominia,
464 2625 529 2666 non
549 2606 730 2689 placantur,
750 2606 809 2668 aad
829 2606 1007 2673 irritantur
1024 2631 1070 2672 na·

124 2711 184 2795 gis.
227 2707 353 2772 Detinet
373 2705 456 2769 enim
476 2706 610 2786 Dicam,
630 2723 660 2774 et
679 2721 802 2771 tantum
822 2710 930 2774 dicit:
954 2710 1070 2775 Datab

123 2810 169 2873 lio
189 2830 261 2873 meo
280 2829 425 2886 uxorem,
455 2832 526 2873 cum
546 2825 617 2875 ante
638 2810 744 2874 omnia
764 2812 900 2897 culpam
922 2814 1069 2898 deprecari

123 2934 184 2997 pra
205 2910 272 2973 filio
293 2910 435 2973 deberet:
456 2913 579 2996 Optimi
598 2916 667 2992 riri,
686 2913 795 2977 iratres
816 2916 995 2994 carissimi,
1014 2937 1068 2980 coa

62 3020 66 3027 '
125 3017 238 3079 donate
259 3012 348 3076 nobis
368 3013 446 3075 hanc
466 3012 625 3077 offensam.
665 3015 740 3103 Ego
768 3000 876 3080 iillum
905 3043 1016 3084 meum
1035 3018 1069 3083 Si·

123 3118 212 3181 obem
233 3116 401 3202 castigabo,
423 3118 587 3199 conjiciam
608 3117 639 3180 in
652 3140 815 3196 carcerem,
836 3121 988 3206 injiciam
1000 3144 1068 3187 com·

122 3221 289 3310 pedemct
309 3220 406 3285 discat
427 3223 556 3304 posthac
576 3222 703 3284 honeste
725 3234 755 3284 ct
775 3222 911 3305 pacifice
934 3247 1009 3289 oum
1026 3226 1068 3288 bc·

34 3394 39 3411 ¹
122 3324 255 3410 spitibns
275 3324 389 3387 nostris
409 3324 519 3387 vivere.
559 3324 651 3388 Nihil
671 3324 785 3387 borum
805 3323 899 3413 facit:
925 3329 984 3393 sed
1003 3329 1068 3391 tceai

123 3427 213 3512 qnaai
240 3437 272 3489 et
300 3424 464 3489 defendere
484 3424 600 3490 factam
626 3428 760 3491 ridetur.
801 3429 913 3514 Atque
942 3433 988 3498 ita
1006 3432 1068 3497 facit

123 3553 156 3595 sc
173 3528 361 3616 ¹'participem
381 3528 481 3594 totins
508 3529 601 3609 mali,
629 3540 661 3595 et
685 3529 814 3595 accersit
841 3534 907 3598 sibi
937 3549 1067 3603 atrocen

44 3700 47 3705 .
118 3646 265 3725 paenam.
