2236 4034
354 125 584 263 ΙΙςοιιοιίι.
673 146 677 153 ⁸
927 171 970 241 43

60 342 131 412 μ
145 327 260 393 taudem
281 345 319 388 eo
339 323 485 408 perducit
505 320 676 393 infirmum,
695 331 732 381 ut
750 318 841 383 sedat
853 320 970 405 impoe-

60 414 134 517 Ι’ᾔῑὶι
149 444 176 497 et
190 427 402 493 incredibilia:
424 427 504 491 eicut
522 422 793 509 inquithriatua,
815 424 898 485 loen.
921 424 969 495 14.

60 548 92 621 p.
106 543 169 609 lma
189 533 343 614 „Maiora
367 533 416 594 hin
429 530 558 595 fauiet“.
579 528 632 593 Sic
645 526 731 591 enim
746 526 879 589 aeole'eia
898 526 971 591 licet

60 616 147 720 *ma
165 634 268 697 omnia
288 632 379 709 feeit,
399 647 479 709 orat,
500 644 604 716 portat
616 643 656 717 ¹et
677 627 823 692 abaorbet
843 647 970 690 omnem

60 722 138 822 {thet
154 734 289 798 furorem
311 735 439 803 Diaboli
459 751 489 799 et
510 734 685 805 bominum,
706 731 808 801 haurit
822 731 918 795 etium
937 744 970 797 et

60 827 110 922 Qut
125 834 342 911 infirmitatem,
363 850 500 922 pennata,
521 847 654 898 mortem
674 845 730 897 un

105 940 186 1003 llano
206 940 352 1003 virtutem
372 954 403 1003 et
422 937 594 1025 potentiam
615 932 688 1017 fidei
703 934 817 1019 probat
827 933 971 999 Rebecca

60 1043 289 1107 rdeuloaierimo
309 1042 402 1118 factu,
423 1040 480 1103 ubi
500 1040 653 1124 agebatur
674 1037 713 1101 de
733 1049 860 1100 aeterua
876 1036 971 1099 male·

60 1143 170 1219 ctione,
200 1157 253 1205 aut
273 1143 490 1206 benedictione
516 1152 659 1201 aeterna:
691 1140 766 1223 qnia
793 1138 970 1203 benedictio

60 1234 208 1307 taelerua
230 1244 302 1317 vita,
323 1243 502 1308 maledictio
524 1256 569 1306 eat
583 1263 677 1306 more.
698 1241 757 1304 Eat
772 1241 971 1325 disceptatio,

60 1342 161 1405 ¹filiun
181 1342 280 1407 laceb
300 1347 342 1409 ait
362 1346 557 1407 aeternaliter
570 1344 813 1417 maledicendus,
833 1366 873 1407 au
894 1366 970 1421 nou,

68 1468 139 1509 cum
159 1466 199 1507 eo
220 1447 292 1529 ipen
311 1460 420 1509 mater.
458 1445 494 1508 lu
515 1459 602 1509 tauto
622 1459 653 1508 et
673 1458 735 1509 tam
755 1448 853 1509 arduo
875 1460 972 1509 certa

60 1548 103 1611 ine
120 1548 275 1629 proponit
295 1548 357 1610 eibi
371 1545 521 1641 xRebecca
546 1568 679 1633 reguum
699 1552 862 1623 coelorum
883 1570 972 1635 aper.-

60 1674 107 1725 m,
131 1660 162 1711 et
183 1668 220 1709 ae
240 1660 372 1710 matrem
391 1648 619 1717 benedictionis
639 1652 810 1715 conutituit.
851 1650 971 1715 Unde?

60 1750 190 1815 trube·
212 1750 317 1812 Nemo
338 1750 421 1814 euim
441 1754 562 1837 aliquid
582 1753 710 1817 feliciter
729 1750 814 1825 facit,
835 1764 889 1815 ant
908 1772 973 1815 cre-

59 1853 154 1915 teine
175 1850 287 1913 verbo.
311 1851 369 1943 llio
389 1867 505 1917 textore
527 1856 665 1937 „Major
685 1856 798 1920 tereiet
816 1852 972 1931 minori“,

60 1954 137 2017 ttitit
155 1953 186 2015 ei
207 1953 365 2031 animum3
385 1957 461 2021 inde
480 1958 598 2034 atatuit,
621 1957 870 2021 benedictionem
890 1980 973 2021 eom-

60 2070 127 2121 etue
144 2056 277 2129 minori,
298 2079 363 2117 uon
384 2060 505 2145 majori.
546 2059 630 2121 lnaao
651 2059 776 2145 quidem
798 2079 863 2122 uon
883 2060 974 2123 intel·

60 2158 119 2233 xit3·
140 2160 197 2221 aed
225 2172 328 2221 mater
360 2160 528 2248 diligenter
563 2163 746 2245 perpendit,
765 2176 808 2245 ‘et
836 2161 975 2247 Spiritue

60 2276 144 2325 uetm
166 2272 356 2345 cooperatur
376 2275 431 2335 eat,
453 2263 508 2345 qui
524 2265 639 2325 nemini
661 2266 714 2326 dat
734 2262 828 2327 fidem
849 2286 906 2349 per
917 2290 975 2328 uu·

60 2384 84 2425 aa
99 2365 352 2445 apeculationee‚
377 2365 433 2425 aed
452 2366 676 2449 perverbum:
706 2370 873 2452 quiacaro
895 2392 976 2455 pug-

60 2478 85 2529 rt
99 2480 200 2529 contre
222 2466 387 2548 spiritum,
413 2479 445 2527 et
465 2468 504 2529 ad
524 2468 730 2551 cogitationen
750 2469 816 2532 aive
836 2471 977 2553 apecula-

60 2566 128 2631 louet
144 2550 252 2629 narnia
273 2569 352 2631 nibil
367 2571 513 2653 nequitur.
536 2568 620 2632 Cum
638 2570 721 2632 enim
738 2571 815 2632 nihil
829 2585 977 2655 appareat

60 2690 151 2746 orum,
179 2694 265 2753 quae
294 2684 367 2734 nunt
386 2670 520 2756 Spiritui
550 2674 667 2750 tancti,
700 2673 807 2736 omnia
834 2672 978 2739 videntur

60 2772 175 2833 outraria
206 2785 238 2834 et
268 2788 400 2838 mortua.
442 2774 504 2837 Sed
532 2775 657 2857 wando
686 2796 743 2837 our
770 2777 978 2859 apprehendit

60 2874 173 2951 tabum,
207 2874 254 2937 ibi
284 2877 425 2961 nequitur
444 2875 629 2939 illuminatio
656 2877 801 2961 epiritue,
829 2881 928 2945 virtue
948 2892 979 2945 ct

60 2976 167 3039 utentia
187 2997 298 3039 rerum
325 2977 562 3043 admirabilium.

64 3178 176 3229 tnon
200 3160 400 3246 cognorit
420 3180 520 3234 eum,
542 3177 585 3220 eo
608 3160 718 3243 quod
738 3182 876 3222 manua
896 3160 981 3247 ejue

60 3282 165 3334 trent
194 3266 308 3328 aient
328 3283 467 3324 manue
488 3259 612 3338 Esau,
640 3259 782 3325 fratria
811 3264 894 3341 nui,
919 3264 983 3348 pi.

444 3365 569 3429 loaae.

104 3496 218 3559 Potuit
238 3491 273 3554 id
294 3488 386 3551 etiam
403 3491 572 3553 aeeundum
588 3503 729 3552 naturam
744 3504 776 3553 et
786 3509 984 3557 communem

60 3600 183 3667 tionem
204 3596 287 3675 fieri,
308 3604 344 3657 ut
364 3613 429 3683 nou
449 3605 655 3681 eognoaeeret
674 3591 785 3669 filium,
806 3613 984 3677 quanquam
