2236 4034
10 91 61 169 'b
396 49 399 57 Ι
457 92 630 192 genesis.
693 166 699 174 ,
858 115 865 164 ⁶,
911 102 913 106 ’
958 111 1020 178 279

10 219 58 299 Μ’
80 216 175 323 dacos
195 253 275 316 hanc
300 255 403 339 legem
432 264 584 332 statuere,
610 252 696 339 quod
720 250 761 315 ait
788 249 964 339 licitum,'
951 277 1018 347 imo

14 352 63 409 ¹⁸¹:
60 357 168 440 pium
188 346 227 420 et
239 359 306 420 Deo
327 356 553 439 gratissimum,
580 356 708 440 perdere
733 367 763 418 et
784 356 921 418 occidere
940 378 1016 453 gen·

14 458 55 509 '¹2
76 457 183 536 tidem,
205 480 385 542 quecunque
412 460 568 523 occasione
598 470 652 520 aut
676 456 772 518 modo
797 457 832 519 id
859 456 913 520 fist
932 479 951 527 a
970 458 1019 551 Iu·
1033 504 1036 515 ,
1061 490 1064 495 ¹
1096 443 1097 446 Ἴ

10 551 63 618 1.Ιί
78 557 168 623 daeo.
208 558 429 624 Itainaauiu'nt
448 563 615 626 ambitione
635 574 665 624 et
685 559 756 622 odio
781 559 926 622 adversus
947 580 1016 625 nos.

75 660 244 758 Iosephus,
266 631 319 746 afui
340 662 462 747 alioqui
481 686 613 750 magnus
634 663 681 727 vir
700 663 776 739 fuit,
804 673 907 724 tamen
926 682 1020 745 saepe

10 770 61 824 us
76 754 181 829 studio
202 767 304 850 gentis
324 787 398 828 auae
417 765 596 848 turpissime
614 764 762 833 mentitur
792 777 901 827 contra
921 765 1017 848 scrip·

9 869 177 931 trituram
198 881 335 931 sanctam
355 869 390 929 in
411 867 565 955 historiis,
595 880 629 930 ιι
657 889 728 932 cum
755 866 827 932 facit
854 890 891 980 ιιι
919 869 1017 935 saulo

14 963 59 1034 Sir
74 968 235 1033 heroicum
256 982 288 1032 et
307 983 445 1033 sanctum
465 972 575 1033 viram.

10 1070 58 1135 tin,
154 1071 309 1134 Videntur
328 1082 429 1131 tamen
449 1070 585 1152 aliquam
604 1070 828 1135 excusationem
848 1047 1016 1163 baberefi
1054 1097 1057 1103 “

10 1194 56 1257 pa
73 1146 112 1236 lii
130 1165 241 1248 Iacob,
270 1173 359 1254 quasi
382 1160 465 1235 reete
488 1171 632 1253 feceriut,
659 1172 734 1254 quia
754 1172 841 1234 Deus
861 1184 956 1249 ιιιιι,
985 1186 1017 1236 ιι

17 1281 56 1344 ati
72 1275 186 1339 terruit
205 1274 342 1344 civitates
362 1275 529 1362 gentilium
546 1275 609 1343 boa
626 1258 805 1356 exemplo,
795 1295 834 1337 ne
854 1295 1017 1358 persequa-

10 1382 54 1448 ιιι
73 1390 189 1440 rentur>
202 1375 305 1440 Iacob.
344 1376 420 1439 Item
439 1376 532 1440 Iacob
555 1390 674 1440 tantum
695 1376 784 1452 dicet,
804 1377 891 1459 quod
909 1375 1016 1438 turba·

10 1509 53 1572 q
71 1480 136 1543 ‘rint
155 1501 205 1558 se,
232 1493 262 1544 ιι
281 1479 411 1544 fecerint
431 1502 547 1554 nomeu
568 1503 655 1545 suum
676 1478 792 1544 foetere
812 1501 917 1543 coram
938 1499 1015 1564 gen·

10 1591 51 1656 t
72 1585 167 1668 tibus.
208 1581 271 1647 Sed
289 1582 371 1645 infra
391 1584 560 1648 moriturus
580 1584 778 1649 maledicit
751 1607 810 1664 era3
836 1584 905 1651 ideo
926 1595 1015 1648 testa·

10 1708 49 1761 a„
71 1698 124 1751 ιιι
143 1699 267 1769 aparte,
288 1707 342 1749 eos
363 1685 558 1750 malefecisse
1025 1749 1030 1759 ,
1073 1673 1077 1682 ’

10 1822 46 1867 ι,
152 1789 196 1852 Ει
220 1799 294 1872 post
321 1785 436 1851 factum
462 1786 598 1871 primum
627 1788 765 1872 sequitur
785 1790 952 1874 disputatio
974 1789 1014 1852 de

10 1910 40 1968 ,ι
71 1893 159 1979 jure,
180 1891 261 1954 sicut
282 1889 468 1954 Germanico
489 1889 657 1980 proverbio
682 1892 746 1954 dici
765 1893 860 1957 solet:
888 1893 1011 1957 Urlsub

10 2014 40 2073 et
70 1999 146 2061 laam
167 1993 322 2085 bernach,
352 2005 383 2054 et
410 2005 445 2054 ut
465 1995 549 2081 apud
576 1995 694 2079 aliquas
721 2010 828 2081 genter
849 2008 1013 2061 consuetu·
1078 2073 1081 2080 ‚

29 2115 33 2124 '
10 2102 114 2177 mdo
134 2100 212 2176 fuit,
231 2112 268 2162 ut
286 2098 617 2182 priusauapendereut
637 2097 752 2175 furem,
772 2112 886 2183 postea
906 2101 946 2162 de
966 2099 1014 2182 ju·
1066 2142 1070 2149 ·

10 2217 32 2279 t,
70 2225 106 2267 ιι
128 2211 316 2286 quaererent.
356 2199 433 2263 Item
453 2200 658 2283 jureconsulti
677 2203 793 2280 dicunt,
814 2203 920 2264 multa
931 2199 1012 2266 facto

10 2342 30 2384 η
71 2304 157 2381 fieri,
178 2323 256 2386 quae
276 2305 345 2386 jure
365 2325 430 2367 non
448 2301 533 2364 fiant.
574 2305 663 2369 Et
638 2329 665 2368 ιι
685 2307 746 2377 hoc
765 2288 977 2382 tolleretur,
966 2325 1014 2386 Ju-

10 2444 26 2502 μ
69 2402 492 2488 reconsultorumprosessio
513 2408 729 2482 cassiodoro,
761 2407 834 2495 quia
864 2420 934 2471 ante
954 2406 1013 2470 fan-

70 2523 138 2572 tum
158 2508 237 2571 nihil
258 2528 338 2591 opus
359 2518 404 2570 est
424 2527 533 2572 eorum
550 2509 762 2593 professione,
783 2511 839 2574 sed
859 2522 932 2593 post
952 2507 1012 2573 iac·

10 2655 21 2693 ,
69 2624 139 2674 tum
167 2610 342 2696 quaeritur,
369 2613 513 2673 ntrum'
502 2634 570 2697 Jure
597 2613 715 2700 aliquid
742 2611 782 2676 ait
805 2610 937 2687 sactum,
970 2630 1012 2672 ιιι

12 2762 19 2797 s
70 2735 144 2779 nou.
172 2712 221 2776 tbi
239 2733 347 2776 eorum
367 2713 501 2776 officium
523 2728 584 2793 est,
604 2729 640 2780 ut
659 2714 740 2780 dent'
752 2714 927 2790 consilium,
947 2730 1011 2795 quo

11 2866 16 2893 ,
70 2817 142 2905 quis
162 2817 211 2900 jus
233 2835 322 2877 suum
342 2815 422 2876 tueri
442 2820 550 2900 possit.
592 2819 760 2902 Quaeritur
779 2835 872 2901 ergo,
891 2837 932 2877 an
949 2811 1013 2876 ‘filii

10 2950 14 3007 ·,
69 2919 165 2984 Iacob
184 2919 306 3001 possint
325 2921 470 2997 excusari,
491 2920 545 3005 qui
564 2941 631 2983 non
650 2921 730 3003 jure,
750 2919 806 2985 aad
826 2915 912 2992 dolo,
927 2935 1014 2978 men·

72 3019 170 3084 daciia
190 3031 220 3081 et
239 3018 270 3083 si
290 3023 446 3104 egerunt?
466 3023 534 3087 Noa
554 3022 737 3104 simpliciter
757 3017 936 3095 statuimus,
956 3014 1019 3079 eos'
1068 3052 1070 3058 ,

69 3141 235 3208 peccasse,
264 3124 427 3205 quianon
453 3125 688 3216 postulauerunt
714 3121 865 3206 judicium
884 3121 930 3201 ,de
950 3121 1011 3207 boo

71 3225 169 3300 iacto,
190 3223 277 3307 quod
296 3225 447 3307 potuisset
465 3223 534 3288 fieri
552 3224 636 3307 apud
655 3224 769 3286 vicina'a
789 3224 942 3299 civitates,
970 3220 1012 3284 ai·
1100 3307 1105 3317 A

71 3339 125 3393 ent
144 3327 237 3390 lacob
257 3347 312 3390 aoa
332 3326 474 3405 damnat,
499 3339 529 3391 et
548 3325 609 3392 toti
628 3326 803 3411 posteritati
821 3325 901 3389 satie
916 3310 1009 3388 durna
1042 3404 1044 3409 A

70 3450 191 3519 poenas
206 3430 356 3513 irrogarit
376 3430 470 3494 Deus.
545 3444 551 3451 ‘

140 3529 201 3598 'Ex
227 3531 287 3596 hac
313 3544 415 3596 nutem
441 3532 576 3597 nascitur
604 3529 713 3600 aliast
741 3536 837 3623 longe
857 3532 1011 3603 difficilior
