2250 4042
133 156 196 223 300
289 155 569 243 'frigesimum
588 157 787 239 quintum
811 175 951 244 capnt

133 304 303 369 efferantur
327 308 438 370 eodem
464 329 605 373 numero.
666 305 725 367 Dii
753 309 941 390 pluraliter
964 317 1070 398 penda,

130 411 270 473 alienum
291 433 366 474 vero
385 411 584 493 singulariter
600 411 635 473 in
649 413 801 496 genitivo
817 439 913 494 essu,
936 420 1070 482 Detulit·
1094 494 1097 503 Ι

130 514 181 587 ai,
200 515 249 575 vri
270 515 389 576 alienae
414 514 471 575 rei.
517 514 577 576 Est
595 530 696 575 antem
719 519 930 602 antiphrasis
956 523 988 583 in
1010 544 1069 584 rste

129 618 208 680 bulo
229 620 332 713 'D'JJ
358 631 515 700 utrunque
541 617 625 680 enim
651 617 840 703 significat,
866 626 1013 708 ignotum
1030 627 1069 686 sin

127 723 283 799 alianum,
310 736 342 783 et
369 723 553 804 cognitam,
590 723 671 781 sieut
698 723 786 784 infra
817 741 961 813 utraque
981 729 1068 814 riguit

127 825 210 887 satio
236 824 269 884 in
296 846 362 886 ann
389 844 482 884 versu
510 835 622 884 exstatz
650 822 769 908 Ioseph
800 837 965 914 cognovit
990 835 1068 897 fraus

127 950 220 1003 suot,
241 941 272 989 et
290 914 435 989 alienavit
456 947 488 986 se
509 921 710 1001 asturibus,
738 929 811 992 hoe
832 948 905 1011 est,
928 939 1067 1013 noluit,s

126 1030 278 1117 agnosci,
300 1031 404 1093 matht
422 1030 490 1090 sich
509 1027 723 1090 nnltenntlirh.
780 1034 881 1100 Haec
911 1039 1013 1126 figur.
1028 1042 1066 1102 nti·

125 1148 187 1197 tata
214 1136 315 1198 estin
342 1132 487 1195 omnihus
516 1133 644 1215 linguis.
683 1129 737 1193 Sic
759 1133 884 1204 Latini
907 1143 1022 1207 bellum
1037 1144 1066 1204 di

122 1252 213 1310 tant,
242 1237 333 1320 qnasi
360 1235 488 1296 minime
507 1234 643 1309 honum,
671 1246 702 1295 et
722 1235 864 1318 lucum,
897 1245 1066 1328 quodnisi

122 1362 173 1402 me
200 1339 308 1400 lucrat.
357 1336 505 1400 Germani
531 1337 607 1398 talia
635 1337 734 1399 multa
766 1340 921 1417 habenti
949 1349 1013 1410 halt
1032 1347 1065 1409 id
1116 1350 1119 1359 ¹

120 1442 189 1503 wilt
210 1443 258 1503 dir
277 1441 404 1516 rathen,
423 1443 487 1505 will
509 1444 559 1505 dir
578 1440 690 1502 helsen.
742 1441 784 1506 Id
807 1472 875 1531 per
897 1456 1064 1536 antiphrasin

121 1545 251 1621 dicitnr,
279 1557 310 1606 st
336 1546 411 1606 haee
438 1557 483 1606 est
510 1547 677 1622 sententia,
707 1552 800 1631 qnod
833 1555 940 1618 velim
961 1559 1063 1619 aliern

117 1649 230 1731 parire
257 1661 311 1709 snt
336 1649 476 1731 perdere.
525 1647 618 1710 Item:
644 1648 700 1711 der
726 1651 875 1716 Heniter
904 1659 990 1721 kann
1014 1660 1063 1720 den

116 1751 199 1815 Dieh
219 1750 304 1811 wohl
325 1749 431 1811 rathen
451 1763 507 1815 ete.
552 1754 673 1817 Eadem
699 1768 746 1816 est
768 1759 978 1839 significatio
995 1763 1062 1843 hnjrs
1101 1812 1106 1821 .

114 1854 275 1917 venabuli:
303 1854 388 1915 Deos
415 1855 541 1938 ignotae
566 1856 617 1916 rei
645 1859 796 1944 cognitae
820 1863 887 1923 rei.
935 1865 1062 1948 Pmprius

114 1972 218 2023 sutem
240 1979 349 2019 sensns
376 1979 413 2019 ex
439 1955 545 2038 phrasi
572 1963 723 2038 petendus
744 1976 806 2024 est.
861 1966 913 2028 Bt
935 1968 995 2032 hos
1011 1969 1060 2028 lost

113 2082 238 2123 necate
257 2074 304 2122 est
323 2059 502 2145 significare
531 2065 615 2156 Ἓξ)
643 2065 804 2150 ignotum.
877 2071 974 2134 Sicut
1002 2073 1061 2133 enin

62 2234 67 2241 ⁵
113 2162 233 2225 heliam
252 2186 273 2225 a
292 2165 425 2247 pulchro
445 2184 560 2228 nomen
580 2169 680 2243 hshet,
701 2183 733 2231 et
752 2173 942 2256 inexpertis
959 2178 1060 2262 quiden

113 2268 283 2330 admodum
312 2268 432 2330 heliam
460 2283 492 2331 et
518 2270 609 2333 ditias
634 2272 778 2348 videtur,
803 2285 1059 2362 quemadmodum

113 2384 145 2434 et
163 2371 297 2434 vindicta
317 2372 414 2434 duleis
436 2385 498 2449 est,
519 2373 712 2456 experiundo
723 2388 832 2440 autem
852 2388 1018 2461 sentimus,
1030 2405 1059 2445 re

111 2496 146 2538 se
164 2496 230 2539 rem
252 2477 468 2538 amarissimam
491 2488 522 2538 et
541 2476 763 2552 tristissimam,
794 2488 879 2565 quia
906 2489 944 2552 iit
964 2491 1059 2551 bellun
1113 2543 1116 2547 ,

27 2594 30 2599 “
111 2601 170 2665 ptr
189 2579 396 2662 antiphrasim
418 2581 463 2642 Es
484 2580 563 2640 heist
583 2580 692 2663 Hsnig
707 2590 810 2665 gerit,
831 2591 913 2650 und
927 2587 1057 2653 Seniani

112 2702 253 2767 gangem
273 2682 317 2742 its
338 2695 369 2742 et
388 2702 488 2743 novus
509 2681 610 2744 tultus
629 2683 717 2744 initio
745 2689 951 2754 mirabiliter
977 2695 1056 2766 sffisit

111 2798 145 2850 at
163 2786 282 2850 videtur
301 2807 366 2847 esse
388 2782 559 2847 certissima
580 2797 610 2845 et
629 2785 699 2868 ipsa
715 2789 843 2865 veritas,
869 2811 1012 2878 apparet,
1025 2817 1055 2857 ss

112 2907 145 2951 ts
165 2907 284 2948 merum
305 2899 409 2949 nectar
429 2888 489 2962 (sia
511 2887 593 2949 anim
615 2887 742 2950 Sectsrii
764 2893 878 2956 soient
888 2902 1054 2980 promittere

111 3004 143 3055 et
162 2991 293 3077 jactare,
324 2988 400 3050 nihil
428 3010 492 3050 esse
513 2989 643 3065 certius,
663 2990 743 3050 nihil
765 2995 891 3058 melius
914 3014 968 3061 aut
986 3020 1052 3084 prat·

51 3102 54 3107 '
112 3094 273 3165 stantius);
295 3089 378 3153 sed
369 3115 403 3153 tn
423 3089 485 3151 fine
506 3093 697 3173 experimur,
721 3092 819 3158 fuisse
851 3122 962 3165 meras
989 3117 1052 3164 tens

110 3200 199 3276 bras,
226 3216 347 3259 errores
376 3205 406 3256 et
424 3191 641 3277 ignorantiam.
682 3195 839 3261 Dicitur
827 3202 942 3284 igitur
972 3209 1050 3302 Ὦ),

113 3306 174 3370 hos
194 3317 240 3366 est
260 3301 441 3385 cognitum,
463 3296 550 3377 quasi
571 3297 670 3359 dicas·
692 3300 822 3365 minime
847 3320 976 3374 notum.

193 3401 359 3490 Ejusmodi
372 3398 497 3481 phrases
515 3397 679 3466 admonent
692 3406 857 3471 studiosos
869 3413 1047 3502 theologias,

166 3507 203 3572 de
225 3501 428 3569 neeessariam
440 3519 503 3560 esse
517 3502 726 3586 cognitionem
742 3509 910 3579 Hebraeae
928 3519 1047 3602 linguar.

48 3509 223 3776 ἡ
241 3608 352 3672 hortor
372 3624 440 3682 aas,
459 3616 494 3666 ut
513 3603 632 3689 aliquid
652 3630 762 3692 operae
795 3614 829 3677 in
861 3618 923 3685 has
944 3622 1046 3684 discen·
1092 3622 1096 3637 “
