2236 4034
114 137 178 224 294
280 114 563 225 trigesimum
583 127 797 215 quintum
818 134 939 208 eaput

116 299 178 365 tur,
195 271 201 279 ⁸
218 286 435 352 Ponderamus
455 264 538 346 enim
558 278 705 347 verbum
730 273 1037 348 secundumunetrn't
1115 297 1116 304 ¹

115 374 180 458 tem
209 404 239 454 at
265 389 390 474 pondus
419 389 565 452 dicentis:
595 386 806 469 loquentem
835 379 984 463 hominem
996 391 1038 452 ut

119 503 247 559 meant
267 490 448 568 hominem,
469 502 499 554 et
518 489 733 572 cogitamus,
758 488 833 546 esda
855 483 977 548 verbnm
990 489 1038 555 lert

121 599 188 672 ais,
216 596 352 680 ideoque
379 575 573 680 negligimus
602 603 637 654 ct
663 586 885 654 fastidimus
912 603 1039 658 annuns

90 744 94 749 -
122 699 241 787 gratias
263 698 331 760 Deo
351 717 443 781 agere
458 696 659 773 deberemus,
684 690 786 777 quod
808 688 1038 757 auctoritatenrn

89 870 96 877 ,
122 803 160 867 bi
178 801 321 886 ponitin
343 823 378 864 os
399 796 546 872 hominis,
568 797 634 859 sire
655 794 829 867 ministri,
851 792 910 876 qui
930 799 1061 875 peremi,

13 966 17 972 ,
126 903 236 966 similis
262 902 356 964 nobis
386 914 448 976 est,
477 901 533 986 qui
554 900 733 964 uobiscum
756 895 932 980 colloqui,
951 901 1037 966 romola!

125 1014 160 1069 st
179 1003 302 1087 erigere
320 1025 379 1067 nos
400 1005 495 1067 verbo
516 1017 631 1087 potest.

80 1092 83 1101 ¹
207 1105 271 1171 Sed
290 1128 354 1168 uon
375 1106 571 1192 agnoscimus
598 1108 703 1191 hujus
734 1098 902 1166 beneficii
921 1101 1037 1187 magnit

125 1230 219 1284 aem,
239 1230 298 1272 nec
318 1231 425 1271 sumus
446 1208 538 1295 grati.
578 1210 652 1273 Ideo
686 1221 722 1273 et
752 1197 822 1270 lise
852 1217 941 1287 parte
958 1203 1037 1286 legend

126 1311 255 1375 Patrum
275 1311 513 1396 praestantiores
534 1324 625 1389 sunt,
654 1335 729 1375 non
754 1311 874 1373 solum
895 1321 1038 1391 propterte

129 1416 230 1491 Βιιιιιγ
252 1417 310 1478 sed
336 1417 426 1479 etiam
447 1429 577 1500 propter
596 1415 699 1480 fidem
724 1411 1038 1496 Patriarcharnmp

128 1515 259 1580 firmiter
285 1530 315 1581 et
335 1533 418 1582 certo
440 1519 562 1582 adsensi
582 1535 655 1583 sunt
677 1519 800 1581 verbo.
861 1512 933 1574 Not
951 1535 1038 1596 nospes

129 1640 238 1684 turnus
259 1621 321 1684 hoc
341 1634 475 1683 statuere
484 1658 499 1698 ,ν
515 1624 640 1707 quando
662 1621 828 1684 audimus
852 1616 1039 1684 ministrnnls

130 1737 250 1787 centem
272 1736 303 1786 et
322 1724 542 1799 absolventem,
564 1724 651 1808 quod
672 1724 767 1786 docti
792 1735 828 1784 et
844 1721 1039 1797 absulutisinr

133 1838 164 1903 et
192 1826 437 1889 consolationem
463 1828 672 1910 acceperimus
705 1843 772 1910 per'
804 1826 1041 1908 majestatemlii

84 1948 88 1959 ·
133 1951 216 1992 nam.
257 1930 399 1995 Dicimus
421 1931 558 2015 quidem,
580 1951 646 1992 esse
661 1930 831 2004 verbum,
855 1927 947 2012 quod
966 1927 1042 1991 andins

131 2030 168 2095 in
188 2033 322 2114 templo,
350 2035 405 2098 sed
431 2033 561 2094 verbum
588 2032 740 2116 pastoris.
786 2032 898 2114 Atqui
920 2052 979 2092 non
995 2022 1063 2114 part'

131 2134 193 2209 ris,
214 2156 272 2195 nec
286 2135 395 2212 Petri,
424 2158 482 2200 neo
508 2136 603 2196 ullius
624 2134 786 2209 ministri,
819 2135 881 2196 sad
905 2135 1044 2197 divinata

132 2238 251 2324 jestatis
272 2240 400 2301 verbnm
422 2253 477 2302 ast.
518 2239 625 2320 ltaque
646 2250 779 2299 nostrae
798 2238 954 2300 historiae
968 2237 1046 2323 frigidis

135 2363 186 2404 res
206 2355 429 2426 suntpproptar
448 2341 542 2402 fidem
563 2336 786 2422 frigidiorem
821 2342 859 2405 in
892 2341 1048 2404 Patribusn

124 2458 199 2507 ‘tem
220 2444 318 2508 multo
339 2443 396 2506 fuit
415 2443 593 2519 ardentior,
620 2440 834 2504 sicut'luoet
855 2444 1006 2506 mirabilis
1019 2445 1049 2507 ils
1088 2488 1092 2492 -

135 2546 170 2609 in
195 2558 260 2608 tota
287 2546 350 2607 vita
378 2569 495 2610 eorum.
546 2544 618 2607 ldea
640 2542 761 2606 merito
789 2544 968 2624 dicuntur,
986 2562 1051 2611 etsu
1084 2582 1088 2588 -

137 2669 241 2712 uerae
262 2647 389 2712 Petrum
409 2649 562 2712 historiae.

216 2750 338 2834 Quodsi
358 2753 568 2825 crederemus,
599 2748 700 2811 Deum
724 2747 916 2817 nobiscnm
945 2755 1054 2838 loquitu

113 2865 297 2938 parentes,
322 2875 382 2935 per
408 2868 548 2939 pastores
578 2867 607 2916 et
633 2853 812 2916 ministros
841 2858 958 2935 verbi,
975 2857 1056 2919 mirelli

133 2955 256 3044 ,gaudio
283 2958 413 3037 accendi
435 2957 531 3021 corda
559 2969 665 3018 nostra
693 2957 915 3021 sentiremus.
957 2959 1058 3022 Sinnin

136 3058 361 3144 gloriaremur:
384 3059 455 3145 Ego
477 3084 546 3124 sum
566 3060 749 3145 baptisatus.
800 3066 835 3126 A
859 3064 960 3148 quo?
989 3062 1059 3126 Nure

130 3161 289 3245 pastore?
328 3159 551 3246 Nequaquams
584 3166 638 3227 sed
665 3185 684 3226 a
711 3164 851 3248 Spiritu
874 3178 993 3228 saneto.
1024 3165 1060 3227 Su

33 3316 37 3327 „
78 3282 80 3285 ·
137 3263 299 3326 absolutus
321 3284 338 3325 a
359 3265 477 3346 Spiritu
498 3279 624 3342 sancto,
646 3289 663 3328 a
684 3267 755 3332 Deo
782 3271 881 3353 ipso.
929 3269 1062 3355 Curigitr

42 3424 49 3451 3
138 3378 288 3447 metuam,
309 3388 327 3428 a
349 3389 411 3450 quo
433 3368 622 3452 trepidabo?
663 3369 733 3434 Cur
754 3394 872 3460 angar
896 3373 940 3436 de
960 3389 1064 3452 meopte

55 3487 67 3505 ⁸
137 3467 236 3532 osto?
273 3467 378 3555 ltaque
405 3494 464 3535 nos
493 3473 726 3555 comparatione
747 3475 899 3539 Petrum
921 3475 973 3561 rix
991 3469 1066 3557 psrnl

19 3586 21 3591 ’
137 3571 170 3639 st
188 3574 331 3675 lactentes
352 3596 466 3638 sumus.
515 3574 566 3639 llli
586 3577 800 3663 anim-multa
833 3579 996 3644 scaudala
1011 3571 1067 3640 idrlt·
