2236 4034
137 170 197 237 252
264 250 267 255 ἱ
330 114 894 252 vigesimamnnnnmcapur
1003 216 1011 230 .

24 384 25 389 1
134 315 237 380 laoob.
277 313 354 379 Non
372 311 522 396 'explorat
553 329 641 399 pater
669 315 860 380 voluntatem
884 315 989 393 filiae,
1017 339 1078 382 nou

104 495 106 500 ,
132 419 223 506 audit
242 419 309 502 ejus
328 438 524 509 responsum.
564 419 599 484 Si
618 421 668 482 isti
684 418 807 484 fueraut
822 437 926 484 mores
945 421 1077 483 illorum

132 518 315 597 homiuum,
345 529 418 584 san'e
438 512 567 603 pessimi
585 519 718 584 suerunt.
759 517 888 584 Cortum
910 522 997 584 euim
1017 534 1078 599 eat,

132 636 199 683 uon
218 619 299 685 faeta
318 640 384 684 essa
414 619 573 702 sponsalia
598 620 677 684 inter
701 620 796 683 Leam
824 621 989 696 etxlaoola,
1016 644 1079 687 aaa

131 708 286 785 adhibitos
306 741 373 785 essa
391 732 502 796 testes3
529 722 586 783 sed
612 724 865 786 administrantur
891 723 1000 787 omnia
1030 721 1079 786 su·

129 817 215 902 bito,
241 824 407 910 tyrannide
427 834 457 885 et
477 823 622 886 violentia
648 823 764 907 Patris,
793 823 846 908 qui
867 838 1024 909 arreptam
1045 827 1078 888 fi-

130 927 206 991 liam
224 927 392 991 introducit
410 924 451 988 ad
470 925 570 990 laoob.
593 926 765 991 Pessimum
785 927 882 1010 igitur
897 926 960 990 hoe
981 948 1078 990 exem-

79 1050 81 1057 *
128 1028 220 1112 plum
238 1039 296 1105 est,
317 1050 380 1112 quo
397 1016 550 1106 ridemus,
570 1029 668 1112 Leam
689 1051 772 1093 mara
785 1027 949 1113 typaunide
970 1041 1001 1092 et
1010 1051 1078 1098 eru·

129 1130 194 1193 dsli
213 1131 340 1196 audacia
360 1132 457 1217 patris
477 1130 547 1195 fieri
566 1154 741 1220 sponsam
762 1131 864 1215 ipsam
883 1129 1015 1214 quidam
1035 1127 1078 1192 fa·

40 1316 42 1321 .
129 1231 189 1297 sile
215 1233 405 1297 consensisse
433 1248 672 1317 consentaneum
701 1246 766 1309 est,
801 1244 836 1294 ut
862 1229 954 1321 fieret
979 1245 1077 1294 mater

128 1347 248 1398 sanotae
267 1335 473 1418 posteritatis,
502 1338 636 1420 ideoque
657 1348 702 1397 est
723 1333 922 1410 excusabilis3
954 1333 1011 1397 sed
1032 1345 1075 1418 ty·

50 1502 61 1509 ‚
126 1435 232 1507 tannis
252 1436 351 1519 patris
370 1450 416 1500 est
428 1439 531 1502 modia
543 1438 687 1503 omuibus
708 1436 899 1499 exararauda.
919 1433 966 1499 Et
980 1451 1075 1519 quau·
1106 1500 1108 1505 ,

127 1556 224 1620 quam
244 1542 366 1603 sanutus
394 1540 442 1604 ris
468 1540 581 1602 tolerat
600 1539 706 1604 hano
696 1539 860 1622 rujurism,
889 1550 997 1600 tamen
1029 1550 1073 1603 est

119 1624 306 1769 'detestabile
327 1655 357 1705 at
376 1664 572 1741 naquaquam
590 1641 775 1706 imitandum
796 1639 984 1723 etampluns.

73 1737 78 1741 ’
131 1730 370 1824 Quaerunt
390 1759 493 1808 autem
513 1734 610 1830 Lyra
626 1757 656 1808 at
676 1743 731 1806 ulii
751 1743 812 1805 hoo
831 1741 920 1818 loeo,
949 1763 990 1803 an
1010 1739 1072 1804 fua·

68 1865 77 1886 ·-
125 1841 166 1904 rit
186 1862 292 1905 varum
312 1848 497 1947 conjugium
518 1869 552 1910 ea
572 1859 663 1909 noote
682 1845 763 1907 inter
782 1843 880 1909 Luam
901 1855 933 1906 et
953 1843 1071 1909 Iaoob?

124 1942 334 2026 Respondea-
369 1931 444 2011 Non
464 1948 530 2011 suit
570 1949 659 2032 Ergo
681 1947 740 2009 fuit
760 1931 970 2009 adulterium?
1011 1944 1071 2009 Ne·

125 2068 293 2131 quaquam.
334 2049 422 2140 Quid
436 2051 558 2135 igitur?
576 2051 765 2116 Monstrum.
807 2049 841 2114 si
862 2051 947 2114 anim
967 2050 1069 2134 ipsum

123 2147 240 2213 fastum
260 2163 406 2235 spectes,
415 2153 505 2221 Iacob
526 2177 589 2218 non
609 2167 656 2216 est
675 2153 802 2215 maritus
823 2152 925 2229 Lena,
954 2151 1059 2215 sed
1030 2174 1069 2215 rs·

54 2254 57 2259 ’
122 2251 181 2316 tint
201 2263 231 2315 et
251 2265 370 2338 stuprat
390 2275 476 2331 eam,
505 2275 583 2337 quae
610 2255 674 2339 ipsi
697 2275 760 2316 uon
789 2269 854 2319 erat
875 2256 1067 2340 desponsata.

122 2353 167 2418 Et
186 2366 293 2420 tamem
310 2357 374 2418 aine
395 2356 488 2438 eulpa
516 2360 577 2431 tat,
606 2357 661 2421 sod
689 2356 801 2418 haeret<
822 2380 859 2422 ea
885 2358 921 2420 iu
948 2357 1068 2444 perfido

99 2455 253 2550 laban,
282 2459 338 2542 qui
365 2457 447 2521 fallit
472 2480 624 2544 sponsum
642 2470 674 2520 at
694 2479 858 2541 sponsam,
886 2469 917 2522 et
944 2456 1067 2541 nuptias

19 2544 23 2549 ⁵
95 2599 96 2603 =
122 2557 268 2623 distrahit
288 2562 466 2645 copulando
487 2560 581 2624 Iacob
601 2560 712 2636 aliam,
736 2583 829 2643 quam
850 2559 1066 2640 desponderat.

121 2656 229 2744 ltaque
250 2683 353 2746 neque
372 2664 494 2727 adulter
521 2662 583 2726 diei
603 2673 655 2726 aut
682 2662 789 2725 haberi
818 2661 930 2727 merito
956 2675 1066 2746 potest.

27 2784 31 2789 ·
69 2760 76 2771 ”
104 2760 165 2826 ‚Et
192 2760 219 2824 si
248 2765 424 2844 quaeritur,
458 2785 497 2827 au
525 2765 699 2848 peccaverit
725 2765 817 2829 laoob
845 2765 1066 2850 cognoscendo

120 2863 271 2939 alienam,
301 2867 554 2948 respondendum
574 2881 638 2945 est,
665 2869 770 2954 ipsum
798 2868 924 2953 quidam
952 2865 1068 2953 fautum

121 2985 187 3029 esse
207 2950 403 3031 manilestum
424 2983 586 3056 stuprum
607 2993 673 3037 non
694 2993 760 3034 assa
781 2970 983 3056 eonjugium
1013 2969 1067 3033 sed

119 3061 224 3138 tamen
245 3090 312 3133 uon
331 3094 505 3157 pessume,-
523 3073 595 3156 quis
615 3071 710 3136 falsus
731 3087 777 3136 est
796 3073 898 3139 aliena
917 3070 1066 3156 perfidia,

121 3196 215 3259 quam
237 3194 277 3237 us
298 3175 452 3259 suspiuari
473 3174 597 3259 quidem
627 3174 740 3258 potuit.
782 3163 861 3259 Quis
890 3176 977 3238 enim
1007 3197 1066 3239 ma·

103 3287 206 3351 tuot,
226 3287 347 3360 patrem
368 3275 467 3340 filiam
488 3299 524 3340 ex
544 3302 577 3342 se
598 3291 703 3344 natam
728 3276 983 3344 defraudaturum
1003 3290 1064 3343 tam

119 3378 174 3442 diu
195 3379 468 3469 sperato-gaudio.
507 3378 591 3445 Filia
611 3402 677 3447 uon
694 3367 778 3445 aliud
790 3380 950 3466 rogitavit,
972 3401 1065 3462 quam

120 3502 153 3550 aa
173 3505 209 3546 ea
229 3493 321 3549 noote
336 3481 409 3546 'fore
430 3470 597 3567 sponsans,
627 3483 824 3571 jungendam<
850 3493 922 3546 oum
948 3503 1063 3565 sponso

118 3584 312 3655 saansaan.
352 3582 396 3652 Et
413 3585 508 3659 Iauub
528 3584 687 3675 ingressos
718 3596 765 3650 est
782 3605 858 3653 vero
878 3597 911 3651 ot
930 3584 1063 3653 maritali
