<?xml version="1.0" encoding="UTF-8"?>
<!DOCTYPE html PUBLIC "-//W3C//DTD XHTML 1.0 Transitional//EN"
    "http://www.w3.org/TR/xhtml1/DTD/xhtml1-transitional.dtd">
<html xmlns="http://www.w3.org/1999/xhtml" xml:lang="en" lang="en">
 <head>
  <title>
</title>
<meta http-equiv="Content-Type" content="text/html;charset=utf-8" />
  <meta name='ocr-system' content='tesseract 3.04.00' />
  <meta name='ocr-capabilities' content='ocr_page ocr_carea ocr_par ocr_line ocrx_word'/>
</head>
<body>
  <div class='ocr_page' id='page_1' title='image "./exegeticaoperal05luthgoog_0348.png"; bbox 0 0 2236 4034; ppageno 0'>
   <div class='ocr_carea' id='block_1_1' title="bbox 325 142 1010 271">
    <p class='ocr_par' dir='ltr' id='par_1_1' title="bbox 325 130 1010 271">
     <span class='ocr_line' id='line_1_1' title="bbox 325 142 1010 271; baseline 0.003 -26"><span class='ocrx_word' id='word_1_1' title='bbox 325 210 341 227; x_wconf 68' lang='lat'><strong>,-</strong></span> <span class='ocrx_word' id='word_1_2' title='bbox 370 248 383 256; x_wconf 55' lang='grc'><strong>,,</strong></span> <span class='ocrx_word' id='word_1_3' title='bbox 428 142 628 271; x_wconf 70' lang='lat' dir='ltr'><strong>&#39;gennis</strong></span> <span class='ocrx_word' id='word_1_4' title='bbox 845 220 848 227; x_wconf 77' lang='lat'><strong>,</strong></span> <span class='ocrx_word' id='word_1_5' title='bbox 950 187 1010 257; x_wconf 70' lang='lat'><strong>347</strong></span> 
     </span>
    </p>
   </div>
   <div class='ocr_carea' id='block_1_2' title="bbox 16 328 1093 2173">
    <p class='ocr_par' dir='ltr' id='par_1_2' title="bbox 16 328 1060 1039">
     <span class='ocr_line' id='line_1_2' title="bbox 61 328 1060 421; baseline 0.009 -26"><span class='ocrx_word' id='word_1_6' title='bbox 61 328 146 395; x_wconf 70' lang='lat' dir='ltr'><strong>feam</strong></span> <span class='ocrx_word' id='word_1_7' title='bbox 175 330 384 413; x_wconf 80' lang='lat' dir='ltr'><strong>procrearent.</strong></span> <span class='ocrx_word' id='word_1_8' title='bbox 425 330 530 421; x_wconf 81' lang='lat' dir='ltr'><strong>Atque</strong></span> <span class='ocrx_word' id='word_1_9' title='bbox 549 332 594 398; x_wconf 88' lang='lat' dir='ltr'><strong>ita</strong></span> <span class='ocrx_word' id='word_1_10' title='bbox 613 355 649 397; x_wconf 85' lang='lat' dir='ltr'><strong>ex</strong></span> <span class='ocrx_word' id='word_1_11' title='bbox 678 353 775 419; x_wconf 84' lang='lat' dir='ltr'><strong>grege</strong></span> <span class='ocrx_word' id='word_1_12' title='bbox 800 335 872 401; x_wconf 83' lang='lat' dir='ltr'><strong>alba</strong></span> <span class='ocrx_word' id='word_1_13' title='bbox 893 348 948 401; x_wconf 84' lang='lat' dir='ltr'><strong>ant</strong></span> <span class='ocrx_word' id='word_1_14' title='bbox 964 338 1010 405; x_wconf 87' lang='lat' dir='ltr'><strong>ni·</strong></span> <span class='ocrx_word' id='word_1_15' title='bbox 1054 358 1060 364; x_wconf 68' lang='grc'><strong>“</strong></span> 
     </span>
     <span class='ocr_line' id='line_1_3' title="bbox 63 430 1011 554; baseline 0.009 -58"><span class='ocrx_word' id='word_1_16' title='bbox 63 456 127 554; x_wconf 79' lang='lat' dir='ltr'><strong>gro</strong></span> <span class='ocrx_word' id='word_1_17' title='bbox 147 433 215 497; x_wconf 84' lang='lat' dir='ltr'><strong>nati</strong></span> <span class='ocrx_word' id='word_1_18' title='bbox 234 445 308 494; x_wconf 87' lang='lat' dir='ltr'><strong>aunt</strong></span> <span class='ocrx_word' id='word_1_19' title='bbox 322 430 536 499; x_wconf 82' lang='lat' dir='ltr'><strong>multicolores</strong></span> <span class='ocrx_word' id='word_1_20' title='bbox 551 451 582 499; x_wconf 87' lang='lat' dir='ltr'><strong>et</strong></span> <span class='ocrx_word' id='word_1_21' title='bbox 601 436 761 528; x_wconf 78' lang='lat' dir='ltr'><strong>maculosi.</strong></span> <span class='ocrx_word' id='word_1_22' title='bbox 783 437 1011 525; x_wconf 74' lang='lat' dir='ltr'><strong>concipiebant</strong></span> 
     </span>
     <span class='ocr_line' id='line_1_4' title="bbox 63 536 1013 636; baseline 0.011 -35"><span class='ocrx_word' id='word_1_23' title='bbox 63 539 97 601; x_wconf 89' lang='lat' dir='ltr'><strong>ia</strong></span> <span class='ocrx_word' id='word_1_24' title='bbox 116 537 279 612; x_wconf 78' lang='lat' dir='ltr'><strong>Hebraeo</strong></span> <span class='ocrx_word' id='word_1_25' title='bbox 276 551 329 600; x_wconf 84' lang='lat' dir='ltr'><strong>-aat</strong></span> <span class='ocrx_word' id='word_1_26' title='bbox 351 539 452 607; x_wconf 70' lang='lat' dir='ltr'><strong>tow</strong></span> <span class='ocrx_word' id='word_1_27' title='bbox 482 558 501 599; x_wconf 78' lang='lat' dir='ltr'><strong>a</strong></span> <span class='ocrx_word' id='word_1_28' title='bbox 528 544 608 636; x_wconf 60' lang='lat' dir='ltr'><strong>UH:</strong></span> <span class='ocrx_word' id='word_1_29' title='bbox 636 536 904 606; x_wconf 73' lang='lat' dir='ltr'><strong>mtefaoiebant&#39;</strong></span> <span class='ocrx_word' id='word_1_30' title='bbox 883 566 915 608; x_wconf 86' lang='lat' dir='ltr'><strong>sa</strong></span> <span class='ocrx_word' id='word_1_31' title='bbox 935 560 1013 611; x_wconf 67' lang='lat' dir='ltr'><strong>oret</strong></span> 
     </span>
     <span class='ocr_line' id='line_1_5' title="bbox 62 614 1009 743; baseline -0.001 -38"><span class='ocrx_word' id='word_1_32' title='bbox 62 614 156 705; x_wconf 72' lang='lat' dir='ltr'><strong>sit</strong></span> <span class='ocrx_word' id='word_1_33' title='bbox 126 662 251 729; x_wconf 78' lang='lat' dir='ltr'><strong>vargas,</strong></span> <span class='ocrx_word' id='word_1_34' title='bbox 272 639 306 702; x_wconf 87' lang='lat' dir='ltr'><strong>id</strong></span> <span class='ocrx_word' id='word_1_35' title='bbox 328 652 390 715; x_wconf 87' lang='lat' dir='ltr'><strong>est,</strong></span> <span class='ocrx_word' id='word_1_36' title='bbox 412 637 546 704; x_wconf 87' lang='lat' dir='ltr'><strong>coibant.</strong></span> <span class='ocrx_word' id='word_1_37' title='bbox 587 644 702 706; x_wconf 86' lang='lat' dir='ltr'><strong>Psalm.</strong></span> <span class='ocrx_word' id='word_1_38' title='bbox 723 648 772 713; x_wconf 76' lang='lat'><strong>51.</strong></span> <span class='ocrx_word' id='word_1_39' title='bbox 793 658 836 719; x_wconf 79' lang='lat' dir='ltr'><strong>(v.</strong></span> <span class='ocrx_word' id='word_1_40' title='bbox 852 652 916 743; x_wconf 87' lang='lat'><strong>7·)</strong></span> <span class='ocrx_word' id='word_1_41' title='bbox 946 649 1009 726; x_wconf 69' lang='lat'><strong>„12</strong></span> 
     </span>
     <span class='ocr_line' id='line_1_6' title="bbox 63 738 1007 849; baseline 0.012 -45"><span class='ocrx_word' id='word_1_42' title='bbox 63 744 197 832; x_wconf 75' lang='lat' dir='ltr'><strong>pennatis</strong></span> <span class='ocrx_word' id='word_1_43' title='bbox 209 747 368 849; x_wconf 58' lang='lat' dir='ltr'><strong>thnt&#39;tt</strong></span> <span class='ocrx_word' id='word_1_44' title='bbox 389 743 552 832; x_wconf 81' lang='lat' dir='ltr'><strong>concaluit,</strong></span> <span class='ocrx_word' id='word_1_45' title='bbox 574 743 717 827; x_wconf 89' lang='lat' dir='ltr'><strong>concapit</strong></span> <span class='ocrx_word' id='word_1_46' title='bbox 730 738 780 808; x_wconf 87' lang='lat' dir='ltr'><strong>me</strong></span> <span class='ocrx_word' id='word_1_47' title='bbox 793 758 892 811; x_wconf 88' lang='lat' dir='ltr'><strong>mater</strong></span> <span class='ocrx_word' id='word_1_48' title='bbox 906 759 1007 830; x_wconf 85' lang='lat' dir='ltr'><strong>mau‘,‘</strong></span> 
     </span>
     <span class='ocr_line' id='line_1_7' title="bbox 16 814 1009 930; baseline -0.004 -15"><span class='ocrx_word' id='word_1_49' title='bbox 16 923 19 926; x_wconf 9' lang='grc' dir='ltr'><em>Α</em></span> <span class='ocrx_word' id='word_1_50' title='bbox 61 851 183 927; x_wconf 77' lang='lat' dir='ltr'><strong>idest,</strong></span> <span class='ocrx_word' id='word_1_51' title='bbox 213 848 341 910; x_wconf 89' lang='lat' dir='ltr'><strong>ardore</strong></span> <span class='ocrx_word' id='word_1_52' title='bbox 332 814 488 907; x_wconf 86' lang='lat' dir='ltr'><strong>libidinis</strong></span> <span class='ocrx_word' id='word_1_53' title='bbox 507 858 550 907; x_wconf 89' lang='lat' dir='ltr'><strong>et</strong></span> <span class='ocrx_word' id='word_1_54' title='bbox 557 847 641 930; x_wconf 84' lang='lat' dir='ltr'><strong>turpi</strong></span> <span class='ocrx_word' id='word_1_55' title='bbox 660 847 782 930; x_wconf 83' lang='lat' dir='ltr'>pruritu</span> <span class='ocrx_word' id='word_1_56' title='bbox 803 852 903 917; x_wconf 85' lang='lat' dir='ltr'><strong>carnis</strong></span> <span class='ocrx_word' id='word_1_57' title='bbox 934 875 1009 921; x_wconf 75' lang='lat' dir='ltr'><strong>enn-</strong></span> 
     </span>
     <span class='ocr_line' id='line_1_8' title="bbox 51 946 1034 1039; baseline 0.001 -21"><span class='ocrx_word' id='word_1_58' title='bbox 51 953 171 1039; x_wconf 74' lang='lat' dir='ltr'><strong>&#39;captus</strong></span> <span class='ocrx_word' id='word_1_59' title='bbox 192 974 271 1015; x_wconf 88' lang='lat' dir='ltr'><strong>snm.</strong></span> <span class='ocrx_word' id='word_1_60' title='bbox 313 946 516 1037; x_wconf 74' lang='lat' dir='ltr'><strong>significatur</strong></span> <span class='ocrx_word' id='word_1_61' title='bbox 542 948 641 1013; x_wconf 81' lang='lat' dir='ltr'><strong>calor</strong></span> <span class='ocrx_word' id='word_1_62' title='bbox 636 970 827 1034; x_wconf 86' lang='lat' dir='ltr'><strong>generans,</strong></span> <span class='ocrx_word' id='word_1_63' title='bbox 855 955 910 1038; x_wconf 82' lang='lat' dir='ltr'><strong>qai</strong></span> <span class='ocrx_word' id='word_1_64' title='bbox 936 970 1007 1023; x_wconf 80' lang='lat' dir='ltr'><strong>anta</strong></span> <span class='ocrx_word' id='word_1_65' title='bbox 1032 988 1034 992; x_wconf 44' lang='lat'><em>⁷</em></span> 
     </span>
    </p>

    <p class='ocr_par' dir='ltr' id='par_1_3' title="bbox 25 1050 1093 2163">
     <span class='ocr_line' id='line_1_9' title="bbox 62 1050 1085 1141; baseline 0.002 -21"><span class='ocrx_word' id='word_1_66' title='bbox 62 1060 187 1141; x_wconf 85' lang='lat' dir='ltr'><strong>lapsum</strong></span> <span class='ocrx_word' id='word_1_67' title='bbox 208 1053 267 1117; x_wconf 75' lang='lat' dir='ltr'><strong>fait</strong></span> <span class='ocrx_word' id='word_1_68' title='bbox 287 1074 402 1135; x_wconf 85' lang='lat' dir='ltr'><strong>paras,</strong></span> <span class='ocrx_word' id='word_1_69' title='bbox 432 1066 463 1115; x_wconf 87' lang='lat' dir='ltr'><strong>et</strong></span> <span class='ocrx_word' id='word_1_70' title='bbox 482 1050 524 1113; x_wconf 84' lang='lat' dir='ltr'><strong>sd</strong></span> <span class='ocrx_word' id='word_1_71' title='bbox 543 1050 771 1135; x_wconf 72' lang='lat' dir='ltr'><strong>generationem</strong></span> <span class='ocrx_word' id='word_1_72' title='bbox 788 1055 945 1141; x_wconf 69' lang='lat' dir='ltr'><strong>‚madian</strong></span> <span class='ocrx_word' id='word_1_73' title='bbox 975 1068 1007 1122; x_wconf 78' lang='lat' dir='ltr'><strong>et</strong></span> <span class='ocrx_word' id='word_1_74' title='bbox 1082 1124 1085 1129; x_wconf 74' lang='grc'>,</span> 
     </span>
     <span class='ocr_line' id='line_1_10' title="bbox 62 1152 1093 1249; baseline 0.002 -28"><span class='ocrx_word' id='word_1_75' title='bbox 62 1155 272 1231; x_wconf 67' lang='lat' dir='ltr'><strong>necessariae,</strong></span> <span class='ocrx_word' id='word_1_76' title='bbox 302 1154 357 1215; x_wconf 83' lang='lat' dir='ltr'><strong>sed</strong></span> <span class='ocrx_word' id='word_1_77' title='bbox 386 1154 455 1237; x_wconf 85' lang='lat' dir='ltr'><strong>jam·</strong></span> <span class='ocrx_word' id='word_1_78' title='bbox 469 1152 599 1216; x_wconf 79' lang='lat' dir='ltr'><strong>iniectas&#39;</strong></span> <span class='ocrx_word' id='word_1_79' title='bbox 627 1169 676 1218; x_wconf 84' lang='lat' dir='ltr'><strong>ost</strong></span> <span class='ocrx_word' id='word_1_80' title='bbox 694 1169 820 1238; x_wconf 87' lang='lat' dir='ltr'><strong>peccato</strong></span> <span class='ocrx_word' id='word_1_81' title='bbox 834 1157 1005 1246; x_wconf 65' lang='lat' dir='ltr'><strong>&#39;originalig</strong></span> <span class='ocrx_word' id='word_1_82' title='bbox 1049 1160 1052 1164; x_wconf 54' lang='grc'>“</span> <span class='ocrx_word' id='word_1_83' title='bbox 1087 1236 1093 1249; x_wconf 59' lang='lat'><em>„</em></span> 
     </span>
     <span class='ocr_line' id='line_1_11' title="bbox 60 1252 1005 1335; baseline 0 -9"><span class='ocrx_word' id='word_1_84' title='bbox 60 1286 125 1327; x_wconf 90' lang='lat' dir='ltr'><strong>aon</strong></span> <span class='ocrx_word' id='word_1_85' title='bbox 148 1272 194 1324; x_wconf 89' lang='lat' dir='ltr'><strong>est</strong></span> <span class='ocrx_word' id='word_1_86' title='bbox 214 1257 359 1321; x_wconf 83' lang='lat' dir='ltr'><strong>innoxias</strong></span> <span class='ocrx_word' id='word_1_87' title='bbox 379 1256 490 1330; x_wconf 87' lang='lat' dir='ltr'><strong>ardor,</strong></span> <span class='ocrx_word' id='word_1_88' title='bbox 510 1252 592 1317; x_wconf 88' lang='lat' dir='ltr'><strong>sicut</strong></span> <span class='ocrx_word' id='word_1_89' title='bbox 611 1253 671 1319; x_wconf 82' lang='lat' dir='ltr'><strong>fuit</strong></span> <span class='ocrx_word' id='word_1_90' title='bbox 689 1257 795 1335; x_wconf 91' lang='lat' dir='ltr'><strong>initio,</strong></span> <span class='ocrx_word' id='word_1_91' title='bbox 826 1261 880 1323; x_wconf 88' lang='lat' dir='ltr'><strong>sed</strong></span> <span class='ocrx_word' id='word_1_92' title='bbox 901 1274 947 1325; x_wconf 84' lang='lat' dir='ltr'><strong>est</strong></span> <span class='ocrx_word' id='word_1_93' title='bbox 966 1264 1005 1326; x_wconf 92' lang='lat' dir='ltr'><strong>li·</strong></span> 
     </span>
     <span class='ocr_line' id='line_1_12' title="bbox 60 1355 1005 1446; baseline -0.001 -17"><span class='ocrx_word' id='word_1_94' title='bbox 60 1366 167 1431; x_wconf 83' lang='lat' dir='ltr'><strong>hidiae</strong></span> <span class='ocrx_word' id='word_1_95' title='bbox 187 1378 219 1428; x_wconf 87' lang='lat' dir='ltr'><strong>at</strong></span> <span class='ocrx_word' id='word_1_96' title='bbox 238 1355 488 1441; x_wconf 81' lang='lat' dir='ltr'><strong>concupiscentia</strong></span> <span class='ocrx_word' id='word_1_97' title='bbox 515 1371 690 1439; x_wconf 85' lang='lat' dir='ltr'><strong>corruptus.</strong></span> <span class='ocrx_word' id='word_1_98' title='bbox 730 1359 784 1423; x_wconf 86' lang='lat' dir='ltr'><strong>Sia</strong></span> <span class='ocrx_word' id='word_1_99' title='bbox 812 1356 914 1446; x_wconf 82' lang='lat' dir='ltr'><strong>igitur</strong></span> <span class='ocrx_word' id='word_1_100' title='bbox 939 1377 1005 1430; x_wconf 85' lang='lat' dir='ltr'><strong>arte</strong></span> 
     </span>
     <span class='ocr_line' id='line_1_13' title="bbox 59 1452 1075 1552; baseline 0.008 -28"><span class='ocrx_word' id='word_1_101' title='bbox 59 1482 153 1552; x_wconf 71' lang='lat' dir='ltr'><strong>atque</strong></span> <span class='ocrx_word' id='word_1_102' title='bbox 163 1454 317 1552; x_wconf 77' lang='lat' dir='ltr'><strong>ingenio,</strong></span> <span class='ocrx_word' id='word_1_103' title='bbox 338 1458 512 1542; x_wconf 49' lang='lat' dir='ltr'><strong>nutrmsgiu</strong></span> <span class='ocrx_word' id='word_1_104' title='bbox 532 1459 663 1542; x_wconf 72' lang='lat' dir='ltr'><strong>naturali</strong></span> <span class='ocrx_word' id='word_1_105' title='bbox 682 1458 763 1524; x_wconf 82' lang='lat' dir='ltr'><strong>fallit</strong></span> <span class='ocrx_word' id='word_1_106' title='bbox 784 1462 875 1527; x_wconf 83' lang='lat' dir='ltr'><strong>iacob</strong></span> <span class='ocrx_word' id='word_1_107' title='bbox 896 1452 1004 1544; x_wconf 70' lang='lat' dir='ltr'><strong>artem,</strong></span> <span class='ocrx_word' id='word_1_108' title='bbox 1071 1539 1075 1545; x_wconf 27' lang='lat'><strong><em>¹</em></strong></span> 
     </span>
     <span class='ocr_line' id='line_1_14' title="bbox 60 1559 1004 1661; baseline -0.002 -29"><span class='ocrx_word' id='word_1_109' title='bbox 60 1571 124 1633; x_wconf 83' lang='lat' dir='ltr'><strong>sire</strong></span> <span class='ocrx_word' id='word_1_110' title='bbox 149 1567 259 1651; x_wconf 83' lang='lat' dir='ltr'><strong>potius</strong></span> <span class='ocrx_word' id='word_1_111' title='bbox 286 1561 435 1625; x_wconf 83' lang='lat' dir='ltr'><strong>malitiam</strong></span> <span class='ocrx_word' id='word_1_112' title='bbox 462 1559 589 1634; x_wconf 86' lang='lat' dir='ltr'><strong>Labaa,</strong></span> <span class='ocrx_word' id='word_1_113' title='bbox 615 1584 708 1643; x_wconf 86' lang='lat' dir='ltr'><strong>quam</strong></span> <span class='ocrx_word' id='word_1_114' title='bbox 739 1566 871 1650; x_wconf 86' lang='lat' dir='ltr'><strong>magiam</strong></span> <span class='ocrx_word' id='word_1_115' title='bbox 899 1582 1004 1661; x_wconf 81' lang='lat' dir='ltr'><strong>patras</strong></span> 
     </span>
     <span class='ocr_line' id='line_1_15' title="bbox 57 1661 1088 1753; baseline 0.003 -21"><span class='ocrx_word' id='word_1_116' title='bbox 57 1675 124 1741; x_wconf 80' lang='lat' dir='ltr'><strong>sive</strong></span> <span class='ocrx_word' id='word_1_117' title='bbox 141 1691 203 1733; x_wconf 77' lang='lat' dir='ltr'><strong>usu</strong></span> <span class='ocrx_word' id='word_1_118' title='bbox 223 1667 391 1752; x_wconf 83' lang='lat' dir='ltr'><strong>longiore,</strong></span> <span class='ocrx_word' id='word_1_119' title='bbox 419 1664 482 1727; x_wconf 81' lang='lat' dir='ltr'><strong>sive</strong></span> <span class='ocrx_word' id='word_1_120' title='bbox 511 1686 545 1725; x_wconf 85' lang='lat' dir='ltr'><strong>ex</strong></span> <span class='ocrx_word' id='word_1_121' title='bbox 571 1661 763 1726; x_wconf 80' lang='lat' dir='ltr'><strong>institutione</strong></span> <span class='ocrx_word' id='word_1_122' title='bbox 783 1669 937 1753; x_wconf 80' lang='lat' dir='ltr'><strong>majorum</strong></span> <span class='ocrx_word' id='word_1_123' title='bbox 959 1673 1004 1735; x_wconf 90' lang='lat' dir='ltr'><strong>di·</strong></span> <span class='ocrx_word' id='word_1_124' title='bbox 1084 1686 1088 1712; x_wconf 89' lang='lat'><strong>¹</strong></span> 
     </span>
     <span class='ocr_line' id='line_1_16' title="bbox 59 1764 1003 1853; baseline -0.01 -17"><span class='ocrx_word' id='word_1_125' title='bbox 59 1773 203 1837; x_wconf 85' lang='lat' dir='ltr'><strong>dicarunt</strong></span> <span class='ocrx_word' id='word_1_126' title='bbox 211 1795 226 1849; x_wconf 83' lang='lat'><strong>3.</strong></span> <span class='ocrx_word' id='word_1_127' title='bbox 252 1768 344 1833; x_wconf 85' lang='lat' dir='ltr'><strong>laooh</strong></span> <span class='ocrx_word' id='word_1_128' title='bbox 367 1768 448 1832; x_wconf 86' lang='lat' dir='ltr'><strong>enim</strong></span> <span class='ocrx_word' id='word_1_129' title='bbox 469 1765 549 1828; x_wconf 88' lang='lat' dir='ltr'><strong>haud</strong></span> <span class='ocrx_word' id='word_1_130' title='bbox 572 1764 664 1826; x_wconf 89' lang='lat' dir='ltr'><strong>dubie</strong></span> <span class='ocrx_word' id='word_1_131' title='bbox 686 1765 850 1853; x_wconf 82' lang='lat' dir='ltr'><strong>abaliquo</strong></span> <span class='ocrx_word' id='word_1_132' title='bbox 873 1773 1003 1838; x_wconf 84' lang='lat' dir='ltr'><strong>Patriar.</strong></span> 
     </span>
     <span class='ocr_line' id='line_1_17' title="bbox 60 1863 1002 1951; baseline 0.004 -14"><span class='ocrx_word' id='word_1_133' title='bbox 60 1863 264 1947; x_wconf 49' lang='lat' dir='ltr'><strong>charam&#39;aut,</strong></span> <span class='ocrx_word' id='word_1_134' title='bbox 293 1870 441 1935; x_wconf 85' lang='lat' dir='ltr'><strong>instinctu</strong></span> <span class='ocrx_word' id='word_1_135' title='bbox 470 1868 573 1930; x_wconf 82' lang='lat' dir='ltr'><strong>divino</strong></span> <span class='ocrx_word' id='word_1_136' title='bbox 604 1888 662 1951; x_wconf 87' lang='lat' dir='ltr'><strong>per</strong></span> <span class='ocrx_word' id='word_1_137' title='bbox 682 1866 841 1951; x_wconf 74' lang='lat' dir='ltr'><strong>Spiritum·</strong></span> <span class='ocrx_word' id='word_1_138' title='bbox 863 1888 1002 1941; x_wconf 84' lang='lat' dir='ltr'><strong>sanetum</strong></span> 
     </span>
     <span class='ocr_line' id='line_1_18' title="bbox 25 1972 1002 2044; baseline 0.005 -5"><span class='ocrx_word' id='word_1_139' title='bbox 25 1987 29 1992; x_wconf 88' lang='grc'><strong>’</strong></span> <span class='ocrx_word' id='word_1_140' title='bbox 58 1977 186 2039; x_wconf 86' lang='lat' dir='ltr'><strong>edoctus</strong></span> <span class='ocrx_word' id='word_1_141' title='bbox 206 1972 272 2038; x_wconf 89' lang='lat' dir='ltr'><strong>fait.</strong></span> <span class='ocrx_word' id='word_1_142' title='bbox 313 1973 356 2036; x_wconf 87' lang='lat' dir='ltr'><strong>Et</strong></span> <span class='ocrx_word' id='word_1_143' title='bbox 386 1983 432 2033; x_wconf 87' lang='lat' dir='ltr'><strong>est</strong></span> <span class='ocrx_word' id='word_1_144' title='bbox 460 1991 510 2031; x_wconf 91' lang='lat' dir='ltr'><strong>res</strong></span> <span class='ocrx_word' id='word_1_145' title='bbox 535 1983 631 2044; x_wconf 88' lang='lat' dir='ltr'><strong>certa,</strong></span> <span class='ocrx_word' id='word_1_146' title='bbox 660 1983 689 2034; x_wconf 87' lang='lat' dir='ltr'><strong>et</strong></span> <span class='ocrx_word' id='word_1_147' title='bbox 714 1977 902 2040; x_wconf 81' lang='lat' dir='ltr'><strong>conveniens</strong></span> <span class='ocrx_word' id='word_1_148' title='bbox 930 2002 1002 2044; x_wconf 86' lang='lat' dir='ltr'><strong>curu</strong></span> 
     </span>
     <span class='ocr_line' id='line_1_19' title="bbox 58 2070 1000 2173; baseline 0.001 -29"><span class='ocrx_word' id='word_1_149' title='bbox 58 2079 204 2145; x_wconf 81' lang='lat' dir='ltr'><strong>doctrina</strong></span> <span class='ocrx_word' id='word_1_150' title='bbox 224 2076 435 2148; x_wconf 84' lang='lat' dir='ltr'><strong>medicorum,</strong></span> <span class='ocrx_word' id='word_1_151' title='bbox 457 2094 511 2155; x_wconf 86' lang='lat' dir='ltr'><strong>qua</strong></span> <span class='ocrx_word' id='word_1_152' title='bbox 501 2070 720 2173; x_wconf 64' lang='lat' dir='ltr'><strong>affirmant&#39;</strong></span> <span class='ocrx_word' id='word_1_153' title='bbox 709 2097 744 2136; x_wconf 88' lang='grc' dir='ltr'><strong>ιιι</strong></span> <span class='ocrx_word' id='word_1_154' title='bbox 760 2091 913 2163; x_wconf 88' lang='lat' dir='ltr'><strong>conceptu</strong></span> <span class='ocrx_word' id='word_1_155' title='bbox 933 2102 1000 2145; x_wconf 92' lang='lat' dir='ltr'><strong>om</strong></span> 
     </span>
    </p>
   </div>
   <div class='ocr_carea' id='block_1_3' title="bbox 52 2275 1051 3290">
    <p class='ocr_par' dir='ltr' id='par_1_4' title="bbox 52 2275 1051 3290">
     <span class='ocr_line' id='line_1_20' title="bbox 56 2275 1002 2365; baseline 0.006 -20"><span class='ocrx_word' id='word_1_156' title='bbox 56 2283 194 2357; x_wconf 89' lang='lat' dir='ltr'><strong>minum,</strong></span> <span class='ocrx_word' id='word_1_157' title='bbox 216 2277 386 2362; x_wconf 77' lang='lat' dir='ltr'><strong>peculiares</strong></span> <span class='ocrx_word' id='word_1_158' title='bbox 407 2275 521 2338; x_wconf 86' lang='lat' dir='ltr'><strong>formas</strong></span> <span class='ocrx_word' id='word_1_159' title='bbox 542 2288 594 2337; x_wconf 87' lang='lat' dir='ltr'><strong>aut</strong></span> <span class='ocrx_word' id='word_1_160' title='bbox 613 2278 780 2341; x_wconf 83' lang='lat' dir='ltr'><strong>maculas</strong></span> <span class='ocrx_word' id='word_1_161' title='bbox 770 2283 909 2365; x_wconf 78' lang='lat' dir='ltr'><strong>imprimi</strong></span> <span class='ocrx_word' id='word_1_162' title='bbox 935 2283 1002 2351; x_wconf 81' lang='lat' dir='ltr'><strong>feti·</strong></span> 
     </span>
     <span class='ocr_line' id='line_1_21' title="bbox 55 2379 1051 2476; baseline 0.007 -29"><span class='ocrx_word' id='word_1_163' title='bbox 55 2385 132 2461; x_wconf 81' lang='lat' dir='ltr'><strong>bas,</strong></span> <span class='ocrx_word' id='word_1_164' title='bbox 166 2404 238 2444; x_wconf 89' lang='lat' dir='ltr'><strong>cam</strong></span> <span class='ocrx_word' id='word_1_165' title='bbox 266 2403 302 2442; x_wconf 87' lang='lat' dir='ltr'><strong>ex</strong></span> <span class='ocrx_word' id='word_1_166' title='bbox 328 2379 563 2464; x_wconf 74' lang='lat' dir='ltr'><strong>imaginatione,</strong></span> <span class='ocrx_word' id='word_1_167' title='bbox 593 2388 660 2439; x_wconf 89' lang='lat' dir='ltr'><strong>tum</strong></span> <span class='ocrx_word' id='word_1_168' title='bbox 690 2401 727 2440; x_wconf 85' lang='lat' dir='ltr'><strong>ex</strong></span> <span class='ocrx_word' id='word_1_169' title='bbox 754 2384 847 2446; x_wconf 81' lang='lat' dir='ltr'><strong>variis</strong></span> <span class='ocrx_word' id='word_1_170' title='bbox 868 2387 1000 2476; x_wconf 86' lang='lat' dir='ltr'><strong>objectis</strong></span> <span class='ocrx_word' id='word_1_171' title='bbox 1048 2424 1051 2439; x_wconf 64' lang='grc' dir='ltr'>ι</span> 
     </span>
     <span class='ocr_line' id='line_1_22' title="bbox 56 2476 999 2576; baseline 0.005 -25"><span class='ocrx_word' id='word_1_172' title='bbox 56 2488 161 2551; x_wconf 89' lang='lat' dir='ltr'><strong>animo</strong></span> <span class='ocrx_word' id='word_1_173' title='bbox 182 2497 235 2547; x_wconf 81' lang='lat' dir='ltr'><strong>aut</strong></span> <span class='ocrx_word' id='word_1_174' title='bbox 256 2480 354 2546; x_wconf 87' lang='lat' dir='ltr'><strong>oculis</strong></span> <span class='ocrx_word' id='word_1_175' title='bbox 377 2476 630 2555; x_wconf 78' lang='lat' dir='ltr'><strong>obversantibus,</strong></span> <span class='ocrx_word' id='word_1_176' title='bbox 658 2501 722 2543; x_wconf 88' lang='lat' dir='ltr'><strong>nou</strong></span> <span class='ocrx_word' id='word_1_177' title='bbox 743 2484 845 2548; x_wconf 90' lang='lat' dir='ltr'><strong>solam</strong></span> <span class='ocrx_word' id='word_1_178' title='bbox 866 2488 900 2550; x_wconf 89' lang='lat' dir='ltr'><strong>in</strong></span> <span class='ocrx_word' id='word_1_179' title='bbox 925 2490 999 2576; x_wconf 86' lang='lat' dir='ltr'><strong>ipso</strong></span> 
     </span>
     <span class='ocr_line' id='line_1_23' title="bbox 55 2580 977 2676; baseline 0.002 -22"><span class='ocrx_word' id='word_1_180' title='bbox 55 2591 168 2654; x_wconf 84' lang='lat' dir='ltr'><strong>ardore</strong></span> <span class='ocrx_word' id='word_1_181' title='bbox 188 2584 369 2670; x_wconf 73' lang='lat' dir='ltr'><strong>conceptus,</strong></span> <span class='ocrx_word' id='word_1_182' title='bbox 391 2584 444 2647; x_wconf 86' lang='lat' dir='ltr'><strong>sed</strong></span> <span class='ocrx_word' id='word_1_183' title='bbox 466 2581 557 2642; x_wconf 86' lang='lat' dir='ltr'><strong>etiam</strong></span> <span class='ocrx_word' id='word_1_184' title='bbox 578 2592 652 2664; x_wconf 89' lang='lat' dir='ltr'><strong>post</strong></span> <span class='ocrx_word' id='word_1_185' title='bbox 670 2580 977 2676; x_wconf 86' lang='lat' dir='ltr'><strong>impraegnationem.</strong></span> 
     </span>
     <span class='ocr_line' id='line_1_24' title="bbox 109 2681 998 2784; baseline 0.008 -32.206"><span class='ocrx_word' id='word_1_186' title='bbox 109 2688 345 2773; x_wconf 85' lang='lat' dir='ltr'><strong>Hieronymus</strong></span> <span class='ocrx_word' id='word_1_187' title='bbox 367 2700 396 2749; x_wconf 92' lang='lat' dir='ltr'><strong>et</strong></span> <span class='ocrx_word' id='word_1_188' title='bbox 416 2681 537 2770; x_wconf 83' lang='lat' dir='ltr'><strong>physici</strong></span> <span class='ocrx_word' id='word_1_189' title='bbox 557 2683 687 2746; x_wconf 86' lang='lat' dir='ltr'><strong>recitant</strong></span> <span class='ocrx_word' id='word_1_190' title='bbox 714 2692 886 2772; x_wconf 84' lang='lat' dir='ltr'><strong>exemplam</strong></span> <span class='ocrx_word' id='word_1_191' title='bbox 916 2697 998 2784; x_wconf 88' lang='lat' dir='ltr'><strong>regi·</strong></span> 
     </span>
     <span class='ocr_line' id='line_1_25' title="bbox 54 2782 998 2885; baseline 0.01 -30"><span class='ocrx_word' id='word_1_192' title='bbox 54 2814 127 2875; x_wconf 88' lang='lat' dir='ltr'><strong>nae,</strong></span> <span class='ocrx_word' id='word_1_193' title='bbox 151 2812 230 2885; x_wconf 82' lang='lat' dir='ltr'><strong>qaae</strong></span> <span class='ocrx_word' id='word_1_194' title='bbox 252 2791 337 2852; x_wconf 86' lang='lat' dir='ltr'><strong>enixa</strong></span> <span class='ocrx_word' id='word_1_195' title='bbox 357 2787 415 2853; x_wconf 84' lang='lat' dir='ltr'><strong>fait</strong></span> <span class='ocrx_word' id='word_1_196' title='bbox 434 2784 578 2850; x_wconf 87' lang='lat' dir='ltr'><strong>infantem</strong></span> <span class='ocrx_word' id='word_1_197' title='bbox 599 2782 704 2848; x_wconf 84' lang='lat' dir='ltr'><strong>forma</strong></span> <span class='ocrx_word' id='word_1_198' title='bbox 728 2801 757 2850; x_wconf 90' lang='lat' dir='ltr'><strong>et</strong></span> <span class='ocrx_word' id='word_1_199' title='bbox 777 2789 854 2856; x_wconf 86' lang='lat' dir='ltr'><strong>faeie</strong></span> <span class='ocrx_word' id='word_1_200' title='bbox 873 2798 998 2864; x_wconf 81' lang='lat' dir='ltr'><strong>Aethio</strong></span> 
     </span>
     <span class='ocr_line' id='line_1_26' title="bbox 52 2888 997 3015; baseline 0.004 -60"><span class='ocrx_word' id='word_1_201' title='bbox 52 2898 103 3015; x_wconf 85' lang='lat' dir='ltr'><strong>pis</strong></span> <span class='ocrx_word' id='word_1_202' title='bbox 123 2909 254 2981; x_wconf 83' lang='lat' dir='ltr'><strong>propter</strong></span> <span class='ocrx_word' id='word_1_203' title='bbox 284 2891 394 2955; x_wconf 84' lang='lat' dir='ltr'><strong>fortem</strong></span> <span class='ocrx_word' id='word_1_204' title='bbox 421 2888 671 2975; x_wconf 82' lang='lat' dir='ltr'><strong>imaginationem</strong></span> <span class='ocrx_word' id='word_1_205' title='bbox 690 2888 851 2978; x_wconf 84' lang='lat' dir='ltr'><strong>Aethiopis</strong></span> <span class='ocrx_word' id='word_1_206' title='bbox 880 2900 997 2984; x_wconf 81' lang='lat' dir='ltr'><strong>depicti</strong></span> 
     </span>
     <span class='ocr_line' id='line_1_27' title="bbox 53 2986 996 3068; baseline 0.008 -8"><span class='ocrx_word' id='word_1_207' title='bbox 53 2999 88 3061; x_wconf 90' lang='lat' dir='ltr'><strong>ia</strong></span> <span class='ocrx_word' id='word_1_208' title='bbox 109 2997 222 3059; x_wconf 80' lang='lat' dir='ltr'><strong>tabella</strong></span> <span class='ocrx_word' id='word_1_209' title='bbox 242 2996 281 3058; x_wconf 84' lang='lat' dir='ltr'><strong>sd</strong></span> <span class='ocrx_word' id='word_1_210' title='bbox 301 2996 426 3058; x_wconf 88' lang='lat' dir='ltr'><strong>lectam.</strong></span> <span class='ocrx_word' id='word_1_211' title='bbox 467 2990 600 3056; x_wconf 86' lang='lat' dir='ltr'><strong>Aliam</strong></span> <span class='ocrx_word' id='word_1_212' title='bbox 590 3004 662 3054; x_wconf 84' lang='lat' dir='ltr'><strong>rtem</strong></span> <span class='ocrx_word' id='word_1_213' title='bbox 683 3009 809 3058; x_wconf 86' lang='lat' dir='ltr'><strong>narrant</strong></span> <span class='ocrx_word' id='word_1_214' title='bbox 833 2996 927 3065; x_wconf 87' lang='lat' dir='ltr'><strong>fuisse</strong></span> <span class='ocrx_word' id='word_1_215' title='bbox 948 2986 996 3068; x_wconf 78' lang='lat' dir='ltr'><strong>lc·</strong></span> 
     </span>
     <span class='ocr_line' id='line_1_28' title="bbox 54 3092 996 3186; baseline 0.006 -24"><span class='ocrx_word' id='word_1_216' title='bbox 54 3112 191 3162; x_wconf 70' lang='lat' dir='ltr'><strong>cussum</strong></span> <span class='ocrx_word' id='word_1_217' title='bbox 213 3099 252 3161; x_wconf 87' lang='lat' dir='ltr'><strong>de</strong></span> <span class='ocrx_word' id='word_1_218' title='bbox 273 3095 441 3171; x_wconf 84' lang='lat' dir='ltr'><strong>adulterio,</strong></span> <span class='ocrx_word' id='word_1_219' title='bbox 463 3096 549 3178; x_wconf 88' lang='lat' dir='ltr'><strong>qaod</strong></span> <span class='ocrx_word' id='word_1_220' title='bbox 570 3092 747 3158; x_wconf 82' lang='lat' dir='ltr'><strong>deformis&#39;</strong></span> <span class='ocrx_word' id='word_1_221' title='bbox 736 3120 804 3180; x_wconf 78' lang='lat' dir='ltr'><strong>ipra</strong></span> <span class='ocrx_word' id='word_1_222' title='bbox 824 3107 996 3186; x_wconf 85' lang='lat' dir='ltr'><strong>peperisset</strong></span> 
     </span>
     <span class='ocr_line' id='line_1_29' title="bbox 52 3183 995 3290; baseline 0.007 -27"><span class='ocrx_word' id='word_1_223' title='bbox 52 3197 229 3263; x_wconf 81' lang='lat' dir='ltr'><strong>formosam</strong></span> <span class='ocrx_word' id='word_1_224' title='bbox 256 3199 424 3276; x_wconf 77' lang='lat' dir='ltr'><strong>infantem,</strong></span> <span class='ocrx_word' id='word_1_225' title='bbox 453 3183 577 3283; x_wconf 89' lang='lat' dir='ltr'><strong>utrique</strong></span> <span class='ocrx_word' id='word_1_226' title='bbox 603 3202 723 3284; x_wconf 86' lang='lat' dir='ltr'><strong>paranti</strong></span> <span class='ocrx_word' id='word_1_227' title='bbox 744 3212 774 3269; x_wconf 87' lang='lat' dir='ltr'><strong>et</strong></span> <span class='ocrx_word' id='word_1_228' title='bbox 801 3203 861 3267; x_wconf 84' lang='lat' dir='ltr'><strong>toti</strong></span> <span class='ocrx_word' id='word_1_229' title='bbox 885 3209 995 3290; x_wconf 83' lang='lat' dir='ltr'><strong>generi</strong></span> 
     </span>
    </p>
   </div>
   <div class='ocr_carea' id='block_1_4' title="bbox 52 3300 1108 3388">
    <p class='ocr_par' dir='ltr' id='par_1_5' title="bbox 52 3300 1108 3388">
     <span class='ocr_line' id='line_1_30' title="bbox 52 3300 1108 3388; baseline 0.001 -22"><span class='ocrx_word' id='word_1_230' title='bbox 52 3303 255 3366; x_wconf 85' lang='lat' dir='ltr'><strong>dissimilem.</strong></span> <span class='ocrx_word' id='word_1_231' title='bbox 284 3316 325 3370; x_wconf 90' lang='lat' dir='ltr'><strong>et</strong></span> <span class='ocrx_word' id='word_1_232' title='bbox 335 3303 475 3366; x_wconf 84' lang='lat' dir='ltr'><strong>damnata</strong></span> <span class='ocrx_word' id='word_1_233' title='bbox 497 3312 593 3376; x_wconf 85' lang='lat' dir='ltr'><strong>esset,</strong></span> <span class='ocrx_word' id='word_1_234' title='bbox 622 3300 682 3363; x_wconf 82' lang='lat' dir='ltr'><strong>nisi</strong></span> <span class='ocrx_word' id='word_1_235' title='bbox 702 3301 906 3388; x_wconf 80' lang='lat' dir='ltr'><strong>Hippocrates</strong></span> <span class='ocrx_word' id='word_1_236' title='bbox 927 3332 994 3375; x_wconf 88' lang='lat' dir='ltr'><strong>eam</strong></span> <span class='ocrx_word' id='word_1_237' title='bbox 1094 3352 1108 3372; x_wconf 76' lang='grc'><strong>,.</strong></span> 
     </span>
    </p>
   </div>
   <div class='ocr_carea' id='block_1_5' title="bbox 51 3400 1080 3697">
    <p class='ocr_par' dir='ltr' id='par_1_6' title="bbox 51 3400 1080 3697">
     <span class='ocr_line' id='line_1_31' title="bbox 51 3400 1078 3487; baseline 0.009 -19"><span class='ocrx_word' id='word_1_238' title='bbox 51 3405 230 3482; x_wconf 81' lang='lat' dir='ltr'><strong>liberasset,</strong></span> <span class='ocrx_word' id='word_1_239' title='bbox 251 3426 400 3483; x_wconf 88' lang='lat' dir='ltr'><strong>monens,</strong></span> <span class='ocrx_word' id='word_1_240' title='bbox 420 3419 510 3468; x_wconf 82' lang='lat' dir='ltr'><strong>utex</strong></span> <span class='ocrx_word' id='word_1_241' title='bbox 531 3425 565 3466; x_wconf 80' lang='lat' dir='ltr'><strong>aa</strong></span> <span class='ocrx_word' id='word_1_242' title='bbox 586 3418 790 3487; x_wconf 77' lang='lat' dir='ltr'><strong>quaereretur,</strong></span> <span class='ocrx_word' id='word_1_243' title='bbox 811 3428 850 3470; x_wconf 82' lang='lat' dir='ltr'><strong>au</strong></span> <span class='ocrx_word' id='word_1_244' title='bbox 871 3407 994 3476; x_wconf 79' lang='lat' dir='ltr'><strong>habuis·</strong></span> <span class='ocrx_word' id='word_1_245' title='bbox 1075 3400 1078 3409; x_wconf 45' lang='lat'><strong><em>¹</em></strong></span> 
     </span>
     <span class='ocr_line' id='line_1_32' title="bbox 52 3507 992 3592; baseline 0.005 -20"><span class='ocrx_word' id='word_1_246' title='bbox 52 3508 237 3591; x_wconf 82' lang='lat' dir='ltr'><strong>aetpietam</strong></span> <span class='ocrx_word' id='word_1_247' title='bbox 257 3508 393 3592; x_wconf 80' lang='lat' dir='ltr'><strong>aliquam</strong></span> <span class='ocrx_word' id='word_1_248' title='bbox 412 3507 562 3570; x_wconf 82' lang='lat' dir='ltr'><strong>tabellam</strong></span> <span class='ocrx_word' id='word_1_249' title='bbox 580 3507 613 3567; x_wconf 93' lang='lat' dir='ltr'><strong>in</strong></span> <span class='ocrx_word' id='word_1_250' title='bbox 640 3507 805 3584; x_wconf 77' lang='lat' dir='ltr'><strong>cubiculo,</strong></span> <span class='ocrx_word' id='word_1_251' title='bbox 831 3511 918 3592; x_wconf 86' lang='lat' dir='ltr'><strong>cujas</strong></span> <span class='ocrx_word' id='word_1_252' title='bbox 940 3515 992 3577; x_wconf 85' lang='lat' dir='ltr'><strong>ad·</strong></span> 
     </span>
     <span class='ocr_line' id='line_1_33' title="bbox 51 3601 1080 3697; baseline 0.009 -22"><span class='ocrx_word' id='word_1_253' title='bbox 51 3601 262 3697; x_wconf 64' lang='lat' dir='ltr'><strong>spectauerat</strong></span> <span class='ocrx_word' id='word_1_254' title='bbox 282 3611 446 3689; x_wconf 79' lang='lat' dir='ltr'><strong>delectata3</strong></span> <span class='ocrx_word' id='word_1_255' title='bbox 477 3628 557 3693; x_wconf 86' lang='lat' dir='ltr'><strong>quaa</strong></span> <span class='ocrx_word' id='word_1_256' title='bbox 584 3628 656 3672; x_wconf 85' lang='lat' dir='ltr'><strong>oum</strong></span> <span class='ocrx_word' id='word_1_257' title='bbox 676 3621 754 3673; x_wconf 82' lang='lat' dir='ltr'><strong>asset</strong></span> <span class='ocrx_word' id='word_1_258' title='bbox 773 3610 913 3694; x_wconf 78' lang='lat' dir='ltr'><strong>inventa,</strong></span> <span class='ocrx_word' id='word_1_259' title='bbox 941 3620 993 3683; x_wconf 80' lang='lat' dir='ltr'><strong>ab·</strong></span> <span class='ocrx_word' id='word_1_260' title='bbox 1067 3681 1080 3697; x_wconf 42' lang='grc' dir='ltr'><strong>,Ι</strong></span> 
     </span>
    </p>
   </div>
   <div class='ocr_carea' id='block_1_6' title="bbox 0 0 1122 4034">
    <p class='ocr_par' dir='ltr' id='par_1_7' title="bbox 0 0 1122 4034">
     <span class='ocr_line' id='line_1_34' title="bbox 0 0 1122 4034; baseline 0 4"><span class='ocrx_word' id='word_1_261' title='bbox 0 0 1122 4034; x_wconf 95' lang='lat' dir='ltr'><strong> </strong></span> 
     </span>
    </p>
   </div>
  </div>
 </body>
</html>
