2250 4042
74 168 118 239 48
236 128 485 257 vigesimum
507 144 719 253 septimum¹
739 182 864 265 caput

75 318 203 405 optimis
224 333 253 383 et
273 317 454 383 laetissimis
481 319 726 409 cogitationibus
754 321 793 386 de
818 320 867 387 titi

75 443 145 486 scre
167 422 315 485 describit
335 422 449 483 Moses.
470 423 557 485 Bibit
577 410 692 498 vinnm,
713 436 743 487 et
763 438 809 487 est
826 424 866 489 bil

74 525 176 611 magis
196 524 318 607 Spiritu
345 536 451 585 sancto
472 537 503 586 st
530 524 744 609 spiritualibus
765 527 865 616 cogite

74 640 110 691 ct
128 628 171 691 ite
192 626 306 701 dicem,
334 625 511 690 inebriatus.
556 626 658 691 Unica
686 629 768 692 enim
798 644 864 717 etp

74 727 247 793 consolatio
268 739 315 791 est
334 748 438 805 nosse,
458 731 547 810 quod
566 729 675 795 babeat
695 730 862 798 haeredem

75 832 171 895 ticms
200 831 302 907 illins,
338 853 417 918 quse
444 845 510 895 erat
536 835 740 916 exspectanda
767 834 861 918 peri

73 936 177 1021 Atque
198 933 257 999 boc
276 934 359 998 baud
379 932 472 999 doliis
498 933 632 1010 addidit,
659 938 860 1019 promissione

74 1036 133 1101 bae
152 1037 266 1100 factam
287 1058 371 1102 nunc
389 1036 559 1123 procedere
587 1050 618 1101 ct
644 1044 818 1128 propagari
841 1042 858 1107 i

73 1140 248 1205 haeredem.

152 1243 235 1307 llaec
253 1242 349 1328 longe
365 1239 424 1303 alia
437 1250 468 1303 et
481 1241 648 1306 sublimior
659 1241 836 1305 benedictio
849 1264 857 1305 s

73 1365 171 1431 aquas
190 1344 380 1419 benedictae,
400 1344 438 1407 de
460 1366 521 1428 qus
541 1343 638 1407 molta
657 1344 851 1409 mentiuntur

72 1444 215 1510 Fuerunt
233 1446 466 1510 benedictiones
487 1446 526 1510 do
547 1459 669 1510 aeterna
690 1448 751 1510 vita
771 1448 854 1513 adres

73 1562 138 1613 tem
158 1561 322 1625 aeternam,
342 1547 547 1611 sacerdotales
568 1562 598 1611 ot
617 1548 733 1636 regiae,
753 1549 853 1632 pertin

72 1655 166 1717 sitam
186 1651 330 1715 futuram.
362 1649 550 1735 Quanquam
570 1650 777 1734 nonpossint
796 1651 852 1716 itta

74 1755 165 1820 strari
186 1755 251 1819 sine
265 1754 323 1818 boc
336 1755 410 1830 vita,
430 1768 460 1817 et
476 1773 600 1815 necesse
618 1764 672 1826 est,
693 1763 728 1813 nt
742 1751 851 1817 babess

72 1859 252 1943 corporales
271 1856 509 1919 benedictiones.
549 1854 625 1915 Non
651 1852 735 1916 enim
764 1876 850 1937 possa

71 1958 301 2045 temporalibus
313 1957 659 2020 aeternabenedictione
674 1953 746 2018 frui.
768 1955 849 2043 Opot

73 2086 187 2151 agrum
206 2060 402 2137 benedicere,
421 2059 624 2143 suppeditare
640 2080 763 2141 panem,
783 2081 848 2123 cars

73 2162 178 2229 omnia
199 2162 239 2227 sd
258 2161 375 2227 victum
399 2162 579 2224 necessaria.
622 2158 683 2226 Sed
704 2183 768 2225 non
789 2162 824 2225 in

72 2268 148 2335 visit
166 2266 274 2341 bomo,
294 2277 324 2326 et
342 2263 576 2327 benedictiones
598 2268 777 2347 corporales
793 2265 845 2333 dst

9 2410 17 2419 ·
71 2370 229 2437 tosillam
249 2380 412 2431 aeternam.
443 2366 581 2450 ldeoqno
601 2386 724 2449 semper
743 2367 845 2433 inclnd

70 2474 169 2539 tuales
189 2471 411 2557 promissiones
431 2469 521 2534 etiam
541 2469 740 2553 temporales.

152 2577 206 2641 Sic
225 2576 266 2641 sd
286 2575 458 2657 discipulos
480 2574 556 2637 dicit
577 2572 736 2649 Christus,
757 2598 829 2639 cnm

27 2760 30 2767 Ι
70 2678 112 2745 sd
132 2677 311 2741 docendum
331 2674 525 2757 evangelium
546 2675 638 2748 (Luc.
663 2682 711 2751 10.
733 2683 794 2753 7·l=
822 2722 842 2757 ,,

70 2796 174 2849 sutem
197 2781 293 2845 domo
312 2787 431 2839 menete
451 2775 573 2839 edentes
595 2792 625 2843 et
644 2779 803 2858 bibentes,
830 2806 841 2847 t

70 2887 146 2953 illos
167 2890 277 2948 suot“.
302 2879 379 2944 ltem
399 2878 457 2955 (ib.
480 2902 507 2941 r.
528 2885 590 2953 8.)=
613 2884 838 2962 ‚‚Mandocats,

70 3000 233 3077 ponuntur
253 2981 380 3065 sobis‘t
414 2982 569 3047 [lominus
590 2986 675 3048 enim
696 2987 748 3050 dat
767 2986 839 3050 bens

69 3088 285 3174 corporalem,
297 3100 425 3169 ‘panem
445 3095 476 3144 ct
495 3084 620 3165 sinum,
650 3091 676 3154 si
704 3087 832 3175 quidem

70 3214 136 3256 non
156 3201 259 3276 potest
277 3187 344 3250 istis
363 3188 578 3270 corporalibus
605 3188 837 3255 benedictionib

64 3294 277 3383 ,Evangelinm
304 3304 349 3355 est
376 3289 557 3373 principalis
582 3292 778 3368 benedictio,
816 3317 836 3358 a

68 3392 263 3477 adiiciuntur
291 3393 510 3479 quaerentibus
535 3413 670 3477 regnum
698 3394 836 3459 coelomr

69 3496 242 3573 benedictio
262 3508 308 3558 est
327 3508 469 3557 aeternae
489 3495 584 3572 vitae3
607 3498 744 3561 secunda
762 3508 809 3561 est
829 3522 834 3558 t

69 3601 109 3664 de
129 3620 191 3685 qus
209 3596 312 3685 iuquit
331 3594 487 3693 Christus,
506 3595 617 3662 Matth.
635 3605 664 3670 6.
687 3612 728 3675 (s.
748 3604 799 3671 81.
819 3606 834 3675 Ε
