2236 4034
112 182 155 253 68
280 159 900 282 'l'rigesimu'mprimumceput
976 168 979 177 ¹

12 342 15 347 '
68 349 73 355 ·
110 328 293 417 sffecerint,
318 343 349 395 st
368 329 513 416 ejecerint
532 349 649 402 nomeu
669 340 807 400 restrum
829 341 997 414 tanquam
1015 351 1065 394 ua

7 510 10 515 ,
111 437 189 513 lom,
208 445 339 520 propter
359 431 459 495 filium
479 429 626 495 hominis.
667 431 809 498 Gaudete
832 433 868 496 in
892 433 957 497 illa
978 433 1028 496 die
1043 447 1074 499 at·

112 539 271 615 exsultate.
311 535 393 600 Ecca
415 533 498 596 enim
512 555 630 599 meroes
650 549 750 600 restra
764 537 865 599 multa
889 549 946 600 est
965 534 1066 600 meos

108 630 173 707 io‘⁸
194 639 320 716 (Marah.
336 644 376 715 5,
398 644 447 704 11.
470 640 544 711 12).
584 637 630 704 Es
650 639 691 703 ist
709 641 787 704 umb
807 640 860 705 sio
882 639 991 702 huns
1009 641 1068 704 zris

112 759 155 808 nu
173 742 262 811 tbnn.
300 740 377 805 vin
403 740 508 804 brevia
537 755 585 804 ast
611 754 643 806 et
669 743 800 822 misera3
833 744 897 807 sed
925 744 1067 830 gaudium

113 858 144 912 et
157 845 285 933 gloria,
306 867 401 930 quam
421 857 651 927 exspectamus,
676 857 825 921 aeterna.¹
853 844 1003 932 Quando
1021 846 1067 933 igi-

30 957 40 962 ’
112 967 167 1018 tur
185 952 290 1038 placet
309 951 397 1027 Deo,
417 961 452 1013 ut
472 949 570 1012 simus
591 971 668 1036 grex
687 951 861 1033 parvulus,
883 950 1067 1037 pusilluset

114 1067 309 1134 contemtus,
327 1053 465 1118 feramus
485 1067 586 1137 aequo
608 1066 640 1116 at
659 1052 752 1117 hilari
772 1055 885 1117 auimo
909 1073 1065 1117 aerumnas

113 1160 209 1245 hujus
227 1159 324 1234 vitae,
345 1158 425 1221 sicut
445 1156 537 1245 lacob
559 1153 678 1221 ferebat
694 1149 942 1242 opprobrium,
969 1166 1066 1220 conta

112 1264 223 1333 melias
243 1275 273 1327 et
294 1260 525 1346 despectionem
555 1259 774 1325 ahabanistis
792 1259 952 1346 superbis
974 1274 1005 1325 et
1022 1259 1066 1345 by·

114 1364 254 1454 possitis.
308 1399 310 1405 ¹

124 1492 128 1499 ’
192 1469 405 1535 Aestimemur
423 1486 497 1529 asne
518 1465 662 1554 sacrilegi
681 1479 713 1532 et
731 1465 928 1531 turbatores
952 1463 1066 1551 religio·

112 1573 163 1638 nis
183 1585 238 1636 aut
255 1571 578 1653 rerumpublicarum,
602 1572 668 1636 imo
690 1570 853 1647 omnium,
871 1569 940 1655 qui
959 1570 1065 1650 vivunt,

113 1675 240 1739 maximi
259 1686 444 1758 peccatores.
485 1673 548 1736 Sed
569 1696 634 1737 non
654 1675 809 1762 gravatim
837 1673 927 1738 haec
959 1673 1065 1756 probra

114 1778 356 1857 sustinebimus,
376 1787 406 1838 et
426 1776 641 1859 superabimus
661 1789 797 1862 propter
818 1775 943 1839 ducem
963 1788 995 1839 et
1012 1775 1064 1838 Dc·

114 1870 235 1946 sisinum
254 1892 416 1953 nostrum,
437 1876 554 1942 Filium
576 1879 645 1957 Dei,
667 1879 725 1965 qui
744 1880 857 1944 eadem
879 1894 913 1945 et
934 1881 1064 1966 tulitip·

115 2003 158 2058 aa,
179 1995 211 2046 et
230 1982 303 2046 vicit
322 1981 355 2043 in
377 1982 525 2044 omnibus
547 1983 671 2044 sanctis.
713 1981 821 2058 Simus
838 1985 946 2049 modo
968 1985 1063 2058 dena

27 2121 32 2137 ·-
114 2104 203 2149 merc
223 2083 440 2161 incubituram,
459 2106 524 2147 non
540 2084 778 2168 'Labanitarum
799 2109 863 2149 nec
881 2110 1061 2167 moveamur,

115 2190 203 2273 quod
223 2187 377 2252 Diabolus
403 2209 475 2249 cum
496 2189 600 2274 impiis
621 2189 791 2273 hypocritis
812 2191 958 2256 babetur
976 2205 1006 2256 et
1023 2213 1061 2256 oc·

114 2288 190 2357 liter
205 2298 268 2374 pro
290 2291 369 2367 Deo,
390 2293 487 2355 totius
503 2293 612 2355 mundi
632 2291 748 2377 judicio
765 2307 897 2358 sanctus
919 2308 953 2360 et
968 2296 1058 2381 justus

195 2394 295 2457 Porro
315 2408 411 2475 restat
431 2397 571 2481 quaestio
594 2397 633 2460 de
652 2398 806 2460 ro'cahulo
829 2377 912 2486 bitu,-
943 2401 1002 2463 ubi
1027 2401 1060 2462 di

116 2495 161 2563 aia
179 2497 305 2561 Laban:
333 2499 426 2564 Esset
452 2497 583 2562 facultas
609 2499 675 2563 sire
694 2501 794 2564 virtus
814 2502 851 2566 in
873 2527 975 2568 maun
994 2524 1058 2580 mu,

80 2671 99 2691 μ
114 2612 152 2666 ut
171 2601 304 2666 facerem
325 2602 414 2666 robis
435 2601 562 2664 malum.
578 2597 586 2697 j
603 2601 695 2665 Nihil
715 2605 791 2668 certi
811 2619 924 2669 autem
946 2628 1059 2692 possum

18 2760 22 2769 .
115 2703 226 2768 affeme
253 2705 294 2766 sd
326 2706 545 2768 declarandam
582 2703 848 2790 significationem
878 2710 982 2796 hujus
1009 2707 1060 2772 dio·

115 2804 220 2870 tionis.
261 2805 335 2868 ideo
357 2808 503 2893 relinquo
526 2808 681 2871 Rabbinis
708 2824 740 2874 et
767 2813 990 2900 grammaticis
1013 2810 1061 2872 He·
1099 2792 1102 2803 Ι

27 2920 58 2941 *'
115 2909 234 2974 bracis:
265 2932 446 2995 quanquam
465 2913 498 2972 in
520 2933 556 2974 ea
583 2913 734 2996 spinione
765 2937 856 2992 sum,
885 2914 980 2999 quod
1008 2933 1061 2976 uon

114 3013 250 3077 babeant
283 3013 458 3105 perlectam!
492 3017 707 3102 cognitionem
747 3019 979 3105 grammaticae
1011 3016 1061 3080 Hs·

114 3117 245 3195 bracas,
273 3118 384 3180 saltem
411 3117 445 3180 in
474 3118 531 3184 bae
557 3140 651 3198 voce3
682 3133 767 3183 tanta
796 3134 842 3184 eat
863 3120 1013 3204 Babylon
1037 3129 1061 3183 el

115 3217 258 3284 confusio
279 3218 576 3303 interpretationum.
598 3225 646 3286 Ao
666 3236 840 3311 congerunt
860 3210 995 3308 quidem
1014 3224 1062 3288 cir·

115 3323 192 3386 citer
211 3322 321 3408 viginti
340 3323 510 3403 dictiones,
540 3326 654 3409 quibus
683 3327 765 3391 hano
792 3336 895 3391 uuam'
916 3328 1062 3413 explicaro

115 3425 256 3502 student,
287 3447 419 3508 quarum
449 3427 536 3491 nulla
566 3450 638 3492 cum
665 3430 763 3492 altera
790 3430 956 3493 convenit.
996 3429 1062 3492 Non

114 3528 247 3593 dubium
269 3540 371 3591 autem
393 3542 450 3606 esu
470 3530 570 3594 multa
589 3532 758 3610 vocabula,
778 3553 853 3594 cnm
873 3529 1005 3595 floreret
1018 3533 1061 3594 ad·

111 3629 177 3700 lsuc
196 3629 307 3718 lingua
324 3631 486 3717 Hebraea,
510 3635 544 3698 in
570 3657 715 3719 sermons
734 3637 908 3733 vernaculo
940 3648 1061 3723 etqua
1117 3659 1118 3700 i
