2236 4034
739 101 753 123 x
978 100 982 117 .

380 124 383 136 ’
457 134 635 220 genesis.
973 148 1033 212 225

89 283 150 346 Dei
171 294 200 344 et
220 255 363 372 hominis.
383 282 457 345 ldeo
478 282 583 344 omnia
602 281 684 344 facta
705 292 735 344 at
756 283 836 350 dicta
856 289 942 354 Esau
964 311 1030 357 sen·

87 387 180 448 timus
202 408 267 450 esse
282 385 354 448 *sine
374 383 447 447 inco
475 399 505 447 et
524 383 690 470 hypocrisi.
731 386 815 453 Haeo
834 408 964 476 propter
982 397 1030 460 ln·

87 487 236 550 dacorum
257 487 581 576 glossas‚diligentius
601 487 742 565 inculco,
774 491 830 576 qui
857 495 1029 593 solentes·

86 600 213 649 tenuare
234 601 263 651 at
283 591 456 674 vituperare
476 590 671 685 ethnicorum
696 604 726 654 et
744 591 1030 665 incircumcisorum

86 690 181 767 facta,
203 703 232 754 et
253 716 363 757 corum
383 691 455 755 vitia
476 713 673 779 exaggerare,
695 713 727 755 se
747 693 835 775 ipsos
855 718 1029 783 veropras.

88 797 191 859 dicant
222 809 252 859 st
279 793 447 861 immodice
476 791 615 857 efferunt.
656 792 727 856 ldeo
753 795 912 879 jodicsnt‚
942 800 1029 868 Esan

87 900 250 963 simulasse
275 897 538 974 benevolentiam,
573 908 603 958 et
631 914 739 957 omnes
767 898 932 964 blanditias
960 907 1028 988 ejns

86 1004 180 1067 fnisse
201 1015 358 1087 suspectas
378 999 491 1077 laceb,
512 998 568 1085 qui
589 1018 653 1060 non
673 997 809 1062 voluerit
827 996 913 1064 fratri
933 1002 1031 1083 fidem!

86 1106 208 1168 hahere.

166 1248 230 1316 sed
250 1226 320 1336 ogo'
332 1239 483 1320 existimo,
503 1239 588 1308 Esau
608 1257 678 1306 vose
704 1251 734 1306 st
753 1253 790 1307 ex
810 1242 910 1312 naimo
931 1240 1029 1319 mota·
1069 1262 1073 1271 ’

85 1369 152 1417 tum
173 1373 256 1426 esse,
282 1349 405 1415 tametsi
422 1409 425 1417 ,
432 1341 630 1432 justissimam
651 1358 773 1408 causam
794 1349 856 1411 odii
878 1363 907 1414 et
923 1346 1028 1442 ,indiga
1068 1381 1076 1431 j

85 1455 220 1518 nationis
241 1448 376 1515 liaberet.
418 1439 598 1513 Dsbshatut
618 1440 700 1508 enlm
722 1442 750 1509 ei
769 1447 942 1516 benedictio
964 1468 1029 1520 tau.

85 1583 180 1642 quam
201 1552 433 1641 primogenit03
454 1551 508 1615 sed
527 1549 586 1613 luit
606 1568 737 1634 magnus
756 1543 823 1630 sin,
844 1554 894 1616 ein
916 1549 1049 1638 seinos,'

85 1659 221 1743 tapleten
248 1655 367 1731 Maon,
395 1655 565 1717 instructus
594 1650 678 1715 haud
708 1647 801 1716 dubie
830 1649 967 1721 doctrina
998 1672 1030 1726 tl

85 1757 281 1824 sermonibus
301 1757 384 1821 lssao
405 1769 435 1820 et
448 1757 582 1819 olintum
602 1751 740 1830 Pulsum,
760 1757 843 1837 apud
864 1753 943 1842 quoi
956 1761 1030 1825 edn-

84 1875 170 1925 catus
192 1871 253 1934 est,
283 1868 312 1921 ct
333 1858 444 1922 didicit
463 1856 582 1923 soonam
603 1855 792 1938 cupiditates.
832 1856 965 1922 Deinde
979 1883 1029 1927 ac

84 1962 176 2027 cessit
203 1975 320 2044 pompa
347 1961 421 2024 haec
450 1959 598 2022 instructa
628 1959 668 2019 od
694 1954 880 2041 placandum
908 1962 1028 2048 ipsum,

82 2070 158 2129 item
179 2063 263 2126 locta
284 2074 314 2125 et
339 2061 493 2126 invocatio
513 2058 615 2121 laoob.
656 2051 817 2121 Postremo
847 2059 950 2130 diulus
970 2093 1029 2159 gn·

83 2163 245 2241 baruntio,
273 2183 353 2248 qnae
381 2165 485 2231 omnia
514 2159 650 2226 animum
679 2159 746 2243 ejus
772 2157 812 2226 ad
840 2165 1028 2238 oblivionem

84 2269 219 2352 injuriae
246 2263 333 2329 illins
365 2259 578 2350 perpulerunt.
637 2261 712 2328 ldeo
740 2253 861 2328 sincero
889 2280 918 2330 et
944 2283 1031 2336 racto*
1076 2267 1082 2280 ’

85 2370 192 2435 animo
213 2370 289 2432 haec
317 2366 406 2444 iccio,
435 2373 467 2427 ct
493 2363 586 2440 dixit,
602 2365 692 2456 sicot
711 2365 803 2429 lacob
830 2370 926 2455 paulo
955 2364 1030 2458 nost

85 2471 250 2557 magnifice
278 2487 349 2533 enm
375 2466 581 2552 praedicabitt
613 2467 684 2543 „lla
712 2463 778 2532 vldi
806 2469 913 2535 faciem
934 2485 1048 2558 tunna„

86 2574 184 2661 qnasi
204 2562 347 2639 viderem¹
369 2564 477 2633 faciem
505 2567 608 2630 Del‘h
666 2568 747 2632 Cum
777 2572 858 2635 enin't
887 2575 1029 2644 divinem

85 2700 168 2761 opus
188 2673 246 2750 sit,
268 2690 331 2737 non
350 2679 454 2757 polest
474 2688 539 2734 esse
560 2666 736 2735 simulatum
756 2686 810 2735 aut
829 2670 980 2765 fucatum,
1000 2664 1029 2745 si

86 2779 214 2864 quidem
235 2771 321 2839 Deus
341 2772 420 2838 nihil
438 2773 500 2837 nisi
520 2785 637 2836 sectum
658 2785 689 2838 et
708 2790 815 2837 vasum
836 2773 915 2841 facit.

166 2948 280 3011 Amota
302 2965 377 3030 ergo
399 2943 546 3028 opinione
568 2946 634 3010 doli
655 2955 685 3007 et
706 2940 1049 3016 simulationismcri·v

86 3066 121 3115 to
142 3049 357 3134 praedicamus
380 3047 628 3113 honestissimam
657 3059 688 3108 ot
706 3047 963 3137 humanissimam
984 3069 1031 3116 ra·

89 3153 278 3217 cusationem
307 3149 400 3211 Esau.
441 3147 500 3212 Est
528 3151 604 3211 mihi
635 3151 725 3231 copia
753 3153 894 3213 omnium
914 3169 1050 3233 resumo

86 3255 206 3337 ioquit3
228 3273 290 3314 non
310 3251 406 3335 igilur
424 3248 575 3331 accipiam
595 3273 724 3314 munera
744 3272 768 3315 a,
782 3264 812 3313 te
834 3252 947 3315 oblata.
971 3255 1031 3319 Re·

88 3361 230 3442 linquam
251 3346 389 3437 paruulis
416 3365 446 3414 ct
475 3349 609 3416 familiae
637 3367 723 3428 toas,
752 3364 787 3414 ut
813 3352 853 3413 iis
881 3344 1030 3417 fruentum

88 3464 174 3525 llaec
187 3459 292 3523 omnia
311 3456 451 3540 prolecta
471 3468 543 3519 snut
563 3476 598 3517 ex
618 3455 829 3518 animosmico
841 3467 870 3519 at
883 3453 1031 3522 fraternos

101 3609 104 3628 ,
130 3566 242 3623 Luthcri
257 3566 429 3642 Opoexeget·
448 3563 579 3622 votvm.
709 3561 748 3626 15
1009 3542 1012 3557 ’
