2236 4034
442 169 616 257 ganaeia.
699 190 703 207 ¹
960 172 1019 237 175
1102 136 1105 143 Ι

58 318 238 409 pretende,
267 315 341 405 qnia
370 339 437 382 uon
464 308 667 383 attendebant
696 312 932 389 fundanammn
960 340 1020 385 nco
1081 378 1083 389 ,

58 426 270 490 rocafioaem.
290 420 367 485 Non
381 423 467 485 enim
481 420 634 485 habebant
654 416 787 483 verbum
806 440 864 505 nec
884 433 1018 506 potcata·
1059 412 1062 417 ’
1090 444 1093 453 ·

57 542 125 591 tam
145 525 262 614 gladii,
283 523 311 587 ai
331 526 457 610 qnidam
477 547 543 607 non
563 523 717 612 gerebant
736 523 950 611 magistratum
968 546 1019 589 or·

61 632 220 696 dinatione
236 641 273 705 ‚at
292 629 458 699 conatione
479 627 593 691 divina.
625 624 659 689 Si
680 623 741 688 tale
753 626 884 707 aliquid
903 628 1019 697 exhibi-

59 749 130 800 tum
159 745 242 803 caret
272 731 322 795 rel
349 726 481 797 oatcnto¹
501 732 551 795 val
571 727 698 793 somnio
719 728 754 791 in
773 750 872 815 regno
889 730 1019 795 Alexan·

60 840 111 902 dri
130 850 185 901 aut
211 834 292 909 tulii,
311 832 471 907 Caesarie,
500 831 621 896 facilior
650 829 760 896 lniaeet
787 832 1018 918 interpretatio,

59 955 230 1027 propterea
259 935 349 1023 qnod
375 934 539 1017 habehant,
564 936 695 998 verbum
728 946 759 997 ct
786 935 1018 1007 ordinationem

60 1043 132 1107 oo.
159 1039 299 1105 Proinde
319 1037 413 1103 etiam
432 1039 560 1120 politica
579 1036 709 1112 comnia,
730 1058 811 1121 quaa
832 1060 910 1125 vaga
925 1053 955 1103 at
969 1061 1019 1103 ex-
1063 1048 1066 1053 '

61 1157 109 1207 tra
128 1139 367 1207 fundamentum
387 1153 476 1217 aunt,
496 1141 556 1204 hoc
577 1154 634 1219 eat,
654 1143 781 1227 quando
801 1162 934 1227 perrona
951 1164 1018 1207 non

62 1259 108 1309 cat
127 1244 273 1329 publica,
295 1255 349 1306 aut
368 1243 402 1305 in
423 1244 623 1328 magiatratn,
643 1257 674 1311 at
694 1245 822 1332 qnando
843 1267 909 1311 non
929 1267 1017 1323 accat·¹

63 1353 109 1416 dit
127 1345 297 1414 commotio
318 1358 350 1411 ct
370 1346 533 1435 analogia,
553 1359 626 1412 aunt
644 1348 740 1411 irrita.

141 1451 205 1515 Sed
226 1450 433 1515 ecclesiastica
454 1450 587 1515 certiora
607 1464 694 1514 aaut:
715 1470 796 1536 qnae
817 1447 933 1511 habent
948 1466 1017 1512 rar-

62 1558 160 1628 bum,
180 1553 297 1617 hahent
315 1573 423 1615 rernm
442 1551 679 1617 fondamentum
697 1565 731 1617 at
744 1551 946 1637 analogiam,
975 1551 1017 1617 ci·

65 1673 117 1723 cut
137 1642 334 1723 Christianae
355 1653 414 1717 hoc
430 1654 629 1738 potissimum
645 1655 765 1732 nititur,
779 1656 866 1739 quod
880 1668 926 1719 eet
938 1655 1018 1741 bap·

62 1763 186 1825 tiaatnar
214 1779 290 1822 cnm
316 1756 378 1819 hoo
407 1752 610 1823 fundamento
631 1758 659 1823 ai
680 1757 827 1844 congruit
847 1757 1017 1839 nomnium,
1092 1764 1095 1769 ’

62 1862 222 1949 porticena
243 1861 286 1925 ad
306 1858 572 1923 confirmationem
592 1862 719 1945 piorum
739 1874 769 1923 et
788 1874 941 1925 terrorem
959 1862 1016 1927 im·

63 1966 208 2050 piorum,
237 1964 272 2027 id
299 1975 368 2026 tuto
396 1961 541 2047 amplecti
569 1964 692 2047 poterit
736 1962 789 2029 Sic
814 1964 899 2028 enim
919 1965 1015 2031 lacob

63 2066 266 2132 coadunatur
286 2062 428 2139 somnio,
460 2065 546 2149 qood
566 2066 657 2130 habet
677 2048 854 2153 analogiam
873 2067 1016 2135 beoadio·

60 2173 153 2235 donis
176 2189 261 2233 auae.
315 2166 400 2243 Scit,
421 2189 455 2231 ce
481 2168 682 2233 benedictum
702 2162 791 2248 ease,
814 2184 846 2237 at
872 2170 1016 2239 futurum

60 2275 120 2338 sihi
140 2274 249 2337 Deum
270 2282 391 2354 panem
412 2282 442 2332 ct
463 2283 682 2353 protectorem,
702 2271 787 2353 juxta
800 2273 929 2339 verbnm
941 2299 1016 2361 pro-

60 2368 237 2453 missionie3
260 2374 317 2435 aed
337 2372 410 2457 quia
429 2373 556 2458 angitur
577 2388 608 2437 et
622 2376 758 2461 trepidat
772 2376 937 2462 coripaina
951 2403 1017 2445 me·

60 2493 95 2542 tu
114 2478 299 2541 insidiarum
320 2488 357 2540 et.
371 2477 500 2553 mortio,
528 2477 601 2540 ideo
622 2476 656 2539 in
685 2491 769 2543 tanta
788 2482 943 2573 monatitia
963 2505 1016 2569 ap·

58 2595 147 2669 paret
167 2580 197 2643 ei
218 2580 393 2657 Dominae,
411 2593 442 2644 et
462 2579 603 2664 loquitur
623 2580 650 2643 ei
670 2602 727 2665 per
741 2582 910 2675 nomnium,
928 2584 1016 2669 quod

58 2684 231 2749 concordat
253 2706 331 2761 oum
359 2705 409 2757 re,
439 2694 468 2745 et
488 2705 592 2747 rernm
612 2685 789 2771 analogiam
809 2685 920 2764 habet,
941 2689 1016 2773 quie

57 2788 205 2875 loquitur
225 2806 298 2847 cum
319 2804 356 2845 eo
377 2784 461 2846 idem
482 2783 655 2863 Dominae,
680 2800 710 2847 et
735 2788 842 2851 eadem
862 2791 1015 2874 loquitur,

59 2912 139 2976 quae
160 2901 251 2950 antea
271 2886 305 2948 in
325 2885 540 2949 benedictione
561 2888 726 2951 audiverat.
755 2889 842 2954 Idem
859 2893 1015 2959 Dominna

58 3010 121 3074 cat,
141 2995 227 3058 idam
249 2991 397 3065 verbum,
419 2992 506 3073 quod
526 2992 560 3053 in
583 2992 678 3057 domo
699 2993 797 3076 patria
818 2995 945 3059 audivit.

137 3096 204 3161 Sed
219 3093 321 3155 multo
344 3076 588 3180 magnificentius
610 3094 805 3179 colloquium
826 3111 889 3175 eet,
919 3122 1015 3184 qnam

58 3202 146 3288 quod
166 3196 277 3261 habuit
296 3216 368 3257 cnm
389 3210 484 3277 patre.
519 3195 725 3280 Experrectua
746 3198 843 3285 igitur
864 3222 881 3261 a
902 3221 1014 3264 somno

57 3306 193 3367 miratur
215 3300 246 3362 et
267 3296 552 3375 dicitzfunbam,
572 3298 744 3363 Dominum
765 3313 885 3365 tantum
902 3325 966 3366 eoae
980 3304 1014 3368 in

60 3408 156 3469 domo
179 3404 287 3488 patria.
325 3401 398 3465 ldeo
419 3403 452 3465 iu
473 3403 600 3464 eccleaia
621 3388 717 3485 patria
740 3404 845 3467 audiri
866 3406 1013 3471 hactenus

60 3509 194 3572 verbnm
214 3506 284 3569 Dei.
306 3504 426 3568 Veram
440 3518 470 3568 ct
487 3505 548 3567 hoc
566 3505 637 3567 loco
649 3505 774 3569 invenio
793 3506 914 3587 Deum3
930 3511 1013 3575 idern

61 3610 142 3673 enim
161 3608 341 3689 Dominae,
361 3629 454 3693 quem
474 3607 649 3691 praedicari
668 3611 773 3675 audiri
792 3610 826 3675 in
846 3613 942 3679 domo
960 3639 1012 3703 na·
