2236 4034
70 360 81 377 ..
164 358 168 363 Ι
274 338 277 343 .
312 324 364 371 tt.
452 281 641 369 „geue-sis.
662 328 679 349 ..
703 306 776 351 ,,.,·
837 340 841 345 .
902 304 924 355 t·
960 281 1028 361 too
1066 308 1074 339 ι

70 386 195 521 intiu-
220 432 406 524 ptoceasisse
428 453 504 499 cum
532 429 720 516 pecudibus·
734 440 766 491 ct
784 428 1025 573 impedimentisf

70 532 130 605 put
159 514 262 603 iprum
290 510 495 597 velpetlitem
516 514 566 591 ¹vel
595 524 719 575 vectum
744 532 863 595 comeo
883 534 1026 601 praecos-¹

70 602 173 671 siste,
194 614 224 663 et
244 597 286 667 ali
306 596 309 603 '
332 598 410 657 oties
431 595 568 661 visitasse
589 607 728 679 patrem,
749 605 1026 676 antequemttotam

70 671 225 749 i'amiliam
247 621 420 747 addiceret.
463 677 582 757 Mamre
602 674 767 771 proprioru
788 697 903 737 nomeu
925 678 1024 763 estsi-

70 756 118 836 ἰ’ἱ,
141 766 232 826 unius
254 784 290 823 ex
310 760 408 821 tribua
428 757 592 833 iratribus,
624 781 680 840 qut
699 750 830 819 fuerunt.
843 758 876 819 iu
898 756 1028 825 foedere

70 868 148 909 anm
168 843 341 915 Abrabam„
362 863 456 923 sopra
478 843 534 917 14«
566 838 615 902 Ab
637 841 699 901 hoo
724 837 845 901 Mamre
865 840 1026 927 primoge-¹

70 926 143 995 dito
163 946 277 997 ¹nomeu
299 921 390 999 babet
411 922 532 1003 civitas,
560 921 634 1005 quia
658 920 694 983 in
720 900 850 1009 ljlebron
872 936 925 983 aot
943 924 1024 1009 ipse,¹

70 1022 133 1073 aut
153 1006 250 1087 aliqui
272 1028 306 1067 ex
327 1004 459 1091 posteris
480 1002 631 1067 dominati
644 1014 723 1077 suot.
739 1000 826 1065 ¹lsaac
840 1019 942 1065 autern
961 1006 1029 1081 ism.

70 1084 270 1177 grandaevus
291 1098 321 1149 et
342 1084 442 1147 oculis
463 1100 569 1169 captus
590 1106 654 1163 noo
674 1082 752 1145 vidit
772 1083 864 1147 lacob
886 1100 916 1147 et
930 1108 1025 1181 nepo.

70 1188 140 1249 tes,
161 1183 283 1233 tantum
310 1166 427 1249 audivit
454 1170 564 1239 seriem
584 1165 791 1241 tentationum
821 1178 850 1236 et
870 1167 1030 1241 calamita-2

70 1268 160 1329 tum,
181 1252 257 1336 ques
278 1248 425 1319 liactcoua
446 1248 609 1323 sustinuit,
630 1246 716 1328 qnod
739 1247 862 1311 Debora
875 1263 906 1313 et
920 1248 1030 1331 Rachel,¹

70 1338 179 1407 essent
199 1344 337 1407 mortuae
358 1342 413 1390 cte.
433 1329 502 1390 tbi
522 1328 685 1393 miseratos
704 1328 954 1425 magnitudinem
976 1354 1028 1397 ιιι-.-

70 1436 261 1479 rumusrum
283 1410 464 1483 (consolatus¹
484 1423 530 1472 cst
549 1407 668 1483 filium,
690 1422 720 1473 et
740 1410 833 1486 dixit,
848 1411 1025 1489 ¹haecfette

70 1494 237 1561 infernalia
258 1505 289 1555 et
307 1490 471 1579 Diabolica
490 1492 580 1553 mala.
618 1490 680 1553 Sed
696 1492 797 1581 Deum
818 1495 1029 1577 potentiorem,

70 1578 214 1643 Diabolo
243 1596 306 1636 non
336 1573 529 1656 permittere,
560 1585 596 1633 ut
624 1576 719 1655 subm
747 1576 826 1635 vires
849 1574 1028 1647 tentemur„

72 1660 184 1743 Major
204 1656 285 1719 enim
307 1669 362 1731 est¹
385 1654 492 1739 qui-iu
513 1654 605 1715 uobis
622 1669 682 1727 est,
701 1660 796 1737 quam
817 1657 920 1738 quiin
935 1658 1025 1729 mu'q.

75 1744 120 1805 do
143 1754 197 1803 eto.
220 1744 249 1801 e't
269 1750 357 1818 pater
378 1736 444 1825 ipsc
466 1736 621 1799 similibus
644 1736 871 1821 difficultatibus
899 1726 1029 1817 coollicss

74 1816 159 1889 titus
178 1821 212 1883 in
233 1831 298 1881 tots
319 1818 380 1881 vita
401 1817 551 1903 singulari
572 1817 777 1903 gravitatem
799 1816 901 1883 fructu
920 1824 1032 1907 potuit

73 1902 176 1973 filium
197 1899 362 1971 cortaolttri.
535 1904 562 1985 Ἰ
588 1970 591 1975 Ι
693 1968 696 1975 ,
779 1972 783 1983 Ι
856 1944 859 1951 -
902 1938 908 1979 ;
937 1962 941 1971 ,
1082 1918 1089 1937 ’

157 1982 328 2065 Postquam
349 1994 451 2044 autem
473 1978 559 2043 domi
573 2001 650 2043 voce
665 1988 695 2043 et
709 1976 940 2059 conuersatione
954 2008 1030 2075 tuq-p

73 2066 202 2147 qissima
222 2064 359 2148 parentis
380 2063 499 2147 aliquot
519 2064 608 2125 aunis
628 2062 803 2147 acquievit,
823 2064 957 2147 moritur
969 2066 1024 2151 pa·

74 2160 133 2211 ter.
165 2140 217 2210 'Et
245 2148 308 2228 jam
339 2146 425 2207 solus
455 2142 545 2207 lacob
574 2158 728 2227 superstes
757 2159 818 2218 cst,
841 2169 949 2211 omnes
969 2148 1024 2227 alii

78 2222 184 2293 l'etres
205 2251 221 2290 a
244 2224 360 2290 dilu'vio
381 2226 481 2309 usque
502 2226 542 2289 ad
570 2227 629 2287 hoo
649 2228 772 2309 tenipus
785 2231 915 2295 „mortui
941 2214 1031 2300 ¹suot.⁸

75 2312 305 2397 ltaquetotum
329 2331 409 2370 onus
430 2306 663 2392 guhcrnationia
695 2309 763 2387 aoli'
781 2306 874 2372 laoob
902 2304 1026 2383 irretitu-¹

73 2390 140 2473 bit,
160 2393 214 2487 qui
235 2392 309 2453 vivit
329 2391 428 2452 adbuc
448 2391 480 2449 in
500 2402 585 2452 tanto
605 2388 722 2451 malitia
742 2388 890 2473 filiorum,
907 2409 938 2481 et
950 2418 1030 2479 com,

73 2488 126 2537 tra
146 2473 315 2535 Diabolum
336 2484 528 2557 grassantem
546 2470 694 2555 perdurat
716 2472 847 2547 orando,
869 2474 1024 2553 docendo,

73 2552 279 2630 sirmondo,
300 2550 531 2627 comminando.
573 2552 726 2633 Sustinuit
749 2576 880 2637 magnos
901 2554 1032 2633 labores,

75 2638 112 2701 iu
132 2650 266 2700 extreme
285 2647 448 2707 senectute,
469 2656 527 2696 uec
547 2634 649 2717 habet¹
662 2635 796 2715 amplius
811 2639 928 2700 socium
940 2640 1022 2703 lsaae

74 2731 130 2783 aut
148 2717 250 2781 ullum
271 2715 366 2779 alium
387 2734 423 2777 er
444 2714 639 2779 patriarchis.
680 2716 820 2779 Moritur
840 2742 916 2805 ergo
937 2707 1030 2787 ltattc'

74 2796 245 2896 tranquilla
266 2812 295 2861 et
315 2798 439 2881 placida
458 2810 632 2873 seneotute,
650 2810 737 2860 astur
757 2798 887 2876 dierum,
908 2822 972 2865 uon
987 2806 1023 2877 u't

76 2882 221 2945 hommes
241 2879 443 2962 voluptuarii,
465 2879 519 2942 sed
537 2891 698 2965 pertaesus
717 2879 796 2945 hauc
811 2882 914 2956 vitam,
929 2898 959 2947 et
973 2908 1028 2967 ex·¹

73 2963 202 3027 haustor
221 2961 382 3033 laboribus
402 2973 432 3031 et
452 2960 616 3031 aerumnis.
658 2958 710 3022 lolr
735 2962 790 3025 bin
818 2963 870 3035 det¹
897 2960 1030 3043 Lebeoc,

75 3038 187 3120 utllde,
214 3042 269 3105 ich
296 3061 386 3129 mago
417 3043 499 3106 nicht
519 3043 624 3119 mebr;
652 3041 722 3104 ideo
745 3046 861 3114 oravit,
881 3058 916 3108 ut
935 3046 1026 3115 Deus¹

76 3146 109 3189 te
135 3124 300 3199 liberaret,
330 3139 360 3189 et
387 3120 510 3213 taudem
535 3124 568 3186 io
593 3136 720 3209 portum
749 3138 779 3189 at
798 3125 959 3193 meliorem
979 3132 1021 3195 ri·

75 3220 139 3272 tam
159 3206 333 3272 deduceret.
401 3270 404 3275 ,
735 3240 740 3247 -

154 3288 216 3351 nio
236 3288 346 3349 modus
367 3282 533 3369 loquendi=
562 3280 752 3361 „Collectut¹
780 3295 826 3349 est
853 3283 893 3351 ad
919 3302 1021 3375 patret

75 3378 199 3445 tuot“‚
218 3382 349 3432 testatur
368 3367 504 3430 futuram
532 3368 788 3430 resurrectionem
815 3374 1027 3450 mortuorum,'

76 3452 105 3513 ti
125 3450 254 3534 quidem
274 3463 320 3513 cat
337 3450 476 3533 populus
496 3449 626 3533 aliquia,
654 3451 691 3511 ad
714 3472 808 3546 quem
829 3453 1019 3537 colligimur.
1066 3518 1070 3524 ,

74 3530 154 3595 Non
173 3532 256 3594 euim
277 3531 484 3594 evanescimua
504 3533 538 3594 in
555 3549 644 3593 aurat
658 3546 836 3595 monentes.
863 3532 936 3597 ldeo
954 3560 1019 3601 non

77 3614 153 3676 dicit
173 3612 311 3697 Spiritus
331 3626 467 3676 sauctus:
495 3613 646 3686 Ειιιιιιιίῑ,
673 3626 839 3697 postquam
867 3614 957 3679 desiit
977 3621 1019 3679 vi-

75 3714 165 3756 veret
186 3694 257 3758 sed:
278 3695 336 3758 Est
356 3693 525 3768 collectus,
547 3716 612 3757 uon
633 3690 810 3777 dispersus,
830 3717 893 3758 uon
913 3698 1019 3779 disjec-

75 3788 127 3841 tus
148 3789 200 3840 aut
219 3774 364 3854 afflictus,
385 3789 421 3840 ot
439 3777 474 3839 in
496 3775 555 3841 vita
576 3776 686 3840 misera
706 3790 737 3840 et
757 3776 946 3859 calamitosa,
964 3786 1018 3848 sed
