2236 4034
449 152 630 243 genesin.
962 122 1018 227 132

17 286 23 389 Ἰ
58 325 129 379 uu,
157 302 241 386 quin
274 298 421 367 ctrina·
451 302 537 388 ipre,
565 300 721 365 Dominus
748 312 870 382 notter,
907 307 1020 372 tolerat

10 464 12 475 ,
56 406 130 469 tuno
149 404 356 468 voluntatem
376 415 407 467 et
427 401 688 493 gubernationem
709 403 860 484 divinam,
881 430 958 494 qnae
971 421 1018 477 eet

10 569 21 593 .,
56 520 182 584 tntum,
205 509 265 573 aad
287 529 353 586 non
375 505 546 583 damnare,
566 504 700 582 differre,
722 507 777 571 aeti
798 527 862 573 non
884 505 1015 579 anferre.

12 602 19 669 .’
58 610 133 675 liaeo
154 608 266 696 igitur
288 609 542 675 Christianorum
563 607 703 672 doctrina
717 610 847 693 propria
863 625 919 690 eet,
937 639 1016 699 quan
1037 632 1040 639 ·

57 711 167 799 pendet
189 733 232 777 ex
252 710 374 786 verbo,
400 722 429 774 et
450 721 535 774 eerto
563 704 682 786 statuit,
714 710 816 775 Deum
843 709 1016 781 infallibili·

57 828 99 881 ter
124 815 306 891 daturum,
335 832 416 895 quae
442 812 596 895 promitit
647 809 713 879 seu
740 812 821 879 hano
840 814 1015 885 mirabilem

56 917 319 1004 gubernationem
342 913 497 979 Diabolut
526 922 556 978 et
582 935 655 981 earo
676 936 742 981 non
770 933 902 1003 puerunt
921 913 1012 987 ferre.

56 1018 191 1085 Fauiliua
213 1039 387 1105 pontumue
408 1015 541 1082 tolerare
568 1016 750 1083 dilationem
775 1023 945 1104 prominere
965 1020 1013 1087 rei

56 1122 135 1208 apud
154 1122 325 1198 homiues,
346 1142 440 1206 qoam
460 1119 546 1203 apud
564 1118 686 1213 Deum,
719 1118 792 1204 quia
819 1121 921 1186 obstat
939 1145 1012 1208 peu·

57 1238 152 1291 ettam
173 1224 332 1311 origini„
351 1244 391 1287 ne
412 1218 546 1286 feramur
566 1221 600 1284 io
621 1220 735 1287 divinit
754 1223 859 1302 rebar,
878 1226 965 1311 quod
978 1227 1011 1289 iu

57 1328 198 1395 homnis
218 1347 292 1389 non
313 1323 391 1387 tileo
414 1322 579 1398 molentum
600 1336 645 1388 eet
665 1317 755 1389 serre.

125 1427 181 1493 An
211 1449 285 1492 non
319 1425 415 1510 igitur
441 1438 533 1509 turpe
561 1437 626 1502 ert,
654 1426 741 1512 quod
767 1424 915 1493 habentor
944 1434 1009 1493 tent

58 1542 144 1597 eattae
172 1543 208 1594 et
238 1527 351 1591 firmae
371 1526 596 1612 promissiones
624 1525 663 1593 de
683 1527 743 1593 vita
763 1543 886 1594 aeterna
906 1536 937 1593 et
956 1530 1008 1594 be·

61 1631 251 1705 redietione,
272 1643 377 1693 tamen
398 1630 576 1693 dubitamus
606 1631 645 1694 de
672 1632 830 1696 voluntate
851 1630 928 1707 Dei,
954 1639 1008 1695 aut

57 1748 128 1799 uerte
147 1727 327 1797 infirmiter
346 1731 526 1796 eudimus?
547 1730 624 1795 Sum
644 1732 834 1816 baptiratur,
854 1744 886 1796 et
904 1733 1006 1795 habeo

57 1858 133 1919 rpem
160 1834 252 1898 ritae
280 1846 441 1896 aeternae:
471 1857 573 1919 neque
601 1848 703 1898 tamen
724 1845 935 1920 poeeumrtam
956 1833 1008 1895 iir-

59 1939 136 2001 niter
154 1936 306 2010 eredere,
326 1956 361 1998 ae
382 1934 409 1997 ai
424 1937 572 2022 princepe
587 1934 698 2022 aliquia
710 1937 905 2022 promitteret
918 1956 1006 2017 prae-

60 2041 131 2105 dium
158 2038 319 2123 aliquod,
350 2048 381 2098 et
407 2042 560 2120 promisee
585 2038 684 2101 literis
712 2052 745 2102 et
763 2036 874 2124 eigillie
897 2035 1007 2101 ooufir-

56 2154 149 2205 maret
192 2141 276 2225 Quo
301 2137 401 2220 magia
422 2138 608 2204 laudandum
630 2153 674 2203 eat
694 2143 793 2206 robur
813 2139 895 2203 illud
915 2152 944 2203 et
956 2138 1006 2202 tir·

56 2244 168 2306 mitudo
188 2240 270 2306 fidei
292 2242 325 2303 in
348 2242 407 2303 huo
427 2255 532 2305 nostro
554 2242 740 2306 Patriareha.
789 2242 818 2303 le
840 2242 920 2303 enim
941 2263 1008 2304 sue·

57 2359 192 2431 eepturue
225 2344 490 2429 gubernationem
517 2344 645 2420 domus,
674 2368 766 2428 quam
795 2345 886 2407 habet
906 2367 940 2406 ox
959 2345 1006 2405 in·

58 2450 209 2514 stitutione
234 2459 268 2509 et
296 2436 511 2509 benedictione
539 2446 660 2521 divina,
690 2446 769 2530 fugit
798 2460 829 2509 et
856 2445 1006 2529 relinquit

59 2552 267 2643 adrersarinm
297 2561 330 2610 et
349 2549 471 2611 hortem
490 2548 575 2611 Esau
603 2550 636 2610 in
665 2549 814 2635 regimine
835 2561 864 2610 et
884 2568 1006 2630 pussen-

57 2658 149 2730 sinur‚
172 2655 234 2738 qni
258 2649 407 2736 fungitur
427 2662 457 2711 et
476 2646 588 2711 fruitur
610 2650 755 2712 omnibns
777 2649 843 2724 hie,
864 2668 942 2733 quae
963 2649 1004 2712 ad

17 2820 20 2827 ,
54 2759 137 2823 laeob
158 2754 379 2840 pertinebant.
421 2749 509 2811 Nihil
529 2764 788 2814 moreturtamen
804 2747 1002 2835 fideaipeiut‚

10 2937 12 2945 Ι
55 2876 86 2924 ut
102 2859 232 2922 raeillet
254 2868 310 2917 aut
333 2847 469 2927 deficiat,
489 2856 610 2917 tametsi
630 2865 795 2939 appareat,
815 2850 1002 2916 henedictio-

56 2987 117 3027 nem
137 2980 280 3046 prorana
306 2956 424 3019 irritam
450 2968 479 3019 et
505 2956 593 3017 nihili
613 2979 688 3020 erae.
729 2957 915 3041 Quanquam
935 2974 1002 3016 non

57 3066 175 3138 dubito,
206 3056 284 3123 imo'
305 3059 438 3122 libenter
465 3060 508 3121 aie
535 3059 659 3145 cogito,
692 3059 766 3122 illua
794 3056 1001 3120 aauotieaimoa

57 3164 248 3231 Patriarelraa
271 3161 364 3224 fuieee
385 3158 543 3236 homines,
572 3161 714 3224 habuisse
741 3181 863 3223 earnem
884 3168 914 3220 et
935 3182 1001 3221 aan-

58 3268 197 3353 gninem‚
217 3260 352 3346 perinde
373 3286 409 3326 ae
430 3285 486 3326 noe
506 3262 663 3325 habemus.
711 3262 746 3325 Si
776 3262 859 3324 enim
881 3262 1000 3336 Petrus,

59 3374 168 3437 l’oulua
191 3382 223 3432 et
246 3368 301 3431 alii
322 3365 468 3448 Apostoli
487 3364 660 3428 habuerunt
681 3382 804 3427 carnem
829 3375 859 3424 et
880 3359 1002 3446 sangni-

60 3500 139 3552 nem,
169 3495 253 3560 ergo
283 3469 381 3533 atilli
401 3465 528 3529 hnmani
548 3467 665 3550 aliquid
685 3464 768 3549 parti
789 3474 868 3526 arunt.
918 3462 1002 3526 Caro

63 3582 130 3642 enim
152 3593 182 3641 et
204 3576 336 3664 sanguia
356 3575 490 3636 luctatur
510 3584 614 3632 eontra
635 3570 785 3656 apiritum.
