2236 4034
455 127 631 213 genesis.
665 121 668 138 '
708 104 711 109 ⁸
793 132 796 139 ’
981 95 1033 202 17ἴ

71 267 206 356 igitur
233 284 353 354 surge
387 279 426 334 et
454 275 649 359 egredere
669 274 715 340 de
734 284 846 342 terra
865 277 956 358 bac,
983 287 1021 345 et
1099 339 1103 356 ,

118 383 324 436 revertere
345 370 384 434 in
405 383 556 445 terram
577 377 848 459 cognationis
865 393 971 446 tuse.

151 475 234 538 Haec
255 485 328 536 sunt
347 475 440 538 verbs
460 476 684 562 synecdochic,
711 490 742 573 et
766 492 899 565 propter
916 476 1019 563 beeri

68 589 179 655 tatem,
201 601 261 662 qne
281 577 378 639 utitur
398 577 519 653 Moses,
540 577 728 641 videntur·
702 601 747 643 ιιι
768 600 895 667 sonare,
925 582 1024 669 quusi¹

67 679 191 743 Iacob
180 703 214 741 ιιι
234 679 352 742 somnis
373 679 574 744 nibilriderit
593 695 716 764 praeter
734 680 839 749 biro'os
858 676 961 750 unios
964 709 1016 753 co·

66 781 146 844 loris
166 781 364 845 adscendere
403 781 660 870 Intelligendue
649 783 748 871 rgitnr
767 799 814 851 est
832 798 941 853 textus.
953 790 1016 863 die·
1082 860 1084 871 ¹

66 883 233 958 tributirc,
274 902 338 943 uon
355 882 544 960 collective,
579 884 612 947 id
633 898 696 961 est,
723 909 807 952 nnnc
831 889 889 955 bto
915 890 1033 963 fetura:

69 1008 167 1070 super
186 983 381 1060 unicolores,
407 985 469 1047 alia
490 1007 584 1068 super
604 985 772 1051 discolores
790 989 1015 1061 adscendentes

15 1097 17 1100 ’
65 1093 152 1156 vidit
180 1091 224 1154 Et
243 1108 317 1172 pars
336 1087 484 1150 sumenda
505 1099 550 1150 est
569 1109 629 1171 pro
649 1099 727 1154 toto.
758 1090 908 1180 lntelligit
927 1084 1014 1164 enim

65 1214 173 1257 omnes
188 1188 343 1252 masculos
362 1189 397 1250 in
414 1208 528 1273 pecore
541 1189 634 1252 orino
656 1200 686 1251 et
706 1193 854 1273 caprinor
875 1197 902 1261 ιῑ
914 1223 1014 1285 quan.

64 1295 106 1359 do
135 1293 274 1356 (Ιίιιιιιιιι
304 1291 420 1355 Hac
390 1313 458 1354 rice
486 1292 617 1355 habebis
639 1295 785 1394 Dl'lpll,
808 1302 1013 1369 nascebantur

64 1400 243 1495 0³¹po
245 1409 274 1460 et
294 1396 338 1459 sio
360 1395 399 1458 de
418 1395 549 1480 reliquie
564 1394 739 1480 generibus.
751 1363 1013 1468 Convenitenim
1094 1382 1111 1467 .’

62 1522 134 1564 cum
155 1520 211 1576 eo,
241 1498 327 1584 quod
348 1518 440 1581 snpra
470 1495 562 1560 dixitr
585 1495 730 1580 Quando
752 1498 890 1565 dicebetr
918 1503 1012 1572 Notis
1071 1581 1073 1586 ¹

60 1621 219 1686 respersae
242 1620 314 1662 ores
334 1611 424 1663 eruut
443 1597 501 1662 tibi
518 1618 578 1695 pro
599 1596 758 1674 mercede,
778 1601 948 1670 edebantur
967 1612 1025 1673 ts-'

61 1704 119 1767 les.
161 1702 298 1788 Quando
320 1702 431 1787 nigros
452 1712 505 1763 eut
524 1675 613 1762 albos
639 1694 726 1759 fetus
739 1700 815 1765 mihi
843 1708 1010 1795 tribuebat,

60 1803 147 1890 nigri
165 1815 219 1866 aut
238 1802 530 1868 albinesoebsntnr.
549 1783 594 1862 lte
611 1798 679 1860 vult
698 1798 884 1891 significare,
904 1811 1010 1879 Deum

61 1906 121 1969 sibi
142 1902 283 1984 affuisse,
312 1921 343 1971 et
362 1905 546 1983 mirabiliter
563 1899 726 1964 fraudibus
747 1915 777 1967 st
797 1905 879 1973 dolis
899 1908 1010 1983 beben
1099 1920 1101 1924 ’

60 2008 228 2074 obstitisse.
492 2000 495 2008 ⁴
1110 2032 1113 2039 ·

141 2111 241 2194 Porro
262 2109 347 2174 aliud
366 2119 583 2195 argumentum
604 2108 744 2174 avaritiae
765 2108 1009 2185 videturbloses

60 2214 239 2278 ostenderet
260 2212 420 2289 nimirum,
441 2211 526 2296 quod
547 2232 656 2275 esurus
669 2210 772 2297 Nabal
782 2229 928 2301 tanquam
947 2221 1010 2285 rin.

59 2317 162 2402 gulsri
182 2317 417 2400 praerogativa,
443 2335 510 2376 non
531 2312 613 2397 poeti
633 2311 773 2392 ratione,
800 2319 938 2402 rapuerit
966 2322 1009 2386 etl

60 2440 93 2482 se
114 2420 217 2482 omnia
254 2438 367 2502 pecora
396 2415 489 2478 unius
516 2415 652 2494 coloris,
685 2437 870 2503 quecunque
906 2413 1008 2486 fetura

60 2520 161 2583 edite:
194 2520 306 2584 deinde
327 2519 418 2584 etism
440 2540 476 2580 ex
495 2519 662 2583 maculosis
693 2519 806 2582 fetibus
826 2540 921 2603 unam
940 2532 1009 2585 tan·

58 2622 126 2687 ιιιιιι
148 2622 281 2706 speciem
301 2621 330 2685 ei
349 2620 523 2706 reliquerit.
564 2619 598 2685 Si
619 2621 675 2685 bec
696 2621 796 2684 fetura
817 2621 910 2685 multi
931 2635 1012 2688 'eost
1100 2630 1102 2635 ’

40 2727 82 2789 ’ιί
103 2740 177 2789 sunt
196 2726 353 2810 punctati,
375 2744 456 2810 qnos
478 2737 566 2788 anteo
585 2741 704 2811 genero
723 2706 922 2802 attribuerat,
942 2725 1011 2811 elia!
1046 2729 1052 2740 “

57 2828 156 2896 fetore
178 2839 344 2914 punctatos
364 2824 425 2889 eibi
441 2825 623 2902 vendicavit,
645 2847 717 2889 cum
737 2827 856 2891 rideret
875 2829 1007 2895 illorum

56 2952 205 3015 magnam
226 2951 393 2993 numerum
412 2927 538 2991 editum.
579 2929 632 2994 Sic
651 2910 776 2994 assidue
803 2931 1007 3016 permutatio·

56 3052 98 3096 ne
117 3056 193 3095 oeus
220 3044 284 3108 eet,
313 3043 343 3092 ct
361 3032 395 3093 in
421 3032 553 3117 singulis
573 3032 681 3097 fetoris
700 3052 767 3095 non
785 3032 922 3118 emplius
941 3052 1006 3115 une

55 3132 159 3216 specie
179 3133 429 3197 discolorium
402 3156 431 3199 er
457 3133 558 3198 dedit:
586 3134 726 3218 reliquos
747 3154 857 3198 omnes
876 3110 1014 3198 retinuit
1103 3182 1108 3189 ,

53 3238 134 3320 ipse.
175 3235 335 3322 Singuleri
354 3235 460 3320 itaque
478 3236 590 3300 virtute
610 3236 668 3299 Dei
698 3256 777 3321 opus
804 3235 863 3301 fuit
889 3237 932 3301 ed
957 3255 1006 3301 re-
1069 3230 1070 3237 ἵ

54 3337 251 3423 primendem
272 3335 423 3401 infinitam
451 3324 802 3420 cupidissum'hsben,
832 3360 910 3424 qnae
937 3360 1005 3405 om·

55 3460 130 3545 nem
151 3440 348 3524 repscitstem
369 3440 462 3504 etism
483 3438 646 3502 Turcicam
666 3453 842 3526 munerat.

139 3543 193 3606 Sic
214 3553 316 3605 antem
329 3544 508 3607 consolatus
527 3564 579 3607 me
599 3554 646 3608 est
661 3542 759 3623 Deus,
776 3538 883 3629 inquit
898 3536 1004 3677 laceb,

99 3654 212 3711 botheri
230 3651 282 3726 Op
302 3665 401 3728 exeget
420 3652 558 3710 votvm
686 3650 722 3715 '2
1103 3636 1105 3641 ,
