2236 4034
140 179 222 250 ³04·-
302 179 571 267 'l’rigasimum
592 184 778 269 quintum
800 201 937 273 caput

138 342 261 406 autem,
282 332 333 394 cui
353 330 529 398 faciendum
550 349 596 398 eat
609 336 725 414 altare,
745 325 961 425 intelligimus
983 339 1098 405 Filium

138 435 218 509 Dei,
241 437 294 518 qui
321 450 368 498 eat
386 460 467 500 unua
490 454 520 501 et
541 461 630 502 verua
651 441 737 503 Deus
761 461 836 504 *cum
860 444 959 506 Patra
981 458 1013 506 et
1034 445 1098 527 Spi«

139 538 204 599 ritu
224 550 339 601 saneta.
374 537 461 603 Sicut
482 563 575 624 supra
597 545 636 606 de
657 546 729 609 viru
746 551 889 612 luctante
911 572 985 612 cum
1007 548 1094 611 Iacob

139 639 281 703 diximus.
316 640 401 704 Haec
428 666 486 706 noa
508 647 656 710 erudiunt
683 629 713 713 et
734 650 927 713 confirmant
958 651 1092 735 egregie.

136 743 244 806 Muses
283 745 366 806 euim
397 771 461 811 non
490 749 547 812 fuit
578 750 694 827 ebrius,
724 774 794 814 cum
832 755 913 815 bueo
950 753 1090 829 traderet,

136 868 195 910 nae
224 847 360 930 Spiritus
391 853 610 936 sanctua‚'qui
631 875 688 935 per
709 874 780 915 eum
802 856 931 918 loeutus
955 869 1013 919 eat.
1054 858 1090 920 Et

55 1037 59 1043 ‚
136 951 200 1012 aive
219 951 368 1034 Angelus,
390 957 453 1017 aive
471 958 576 1017 Moses
598 954 746 1037 loquatur
761 958 944 1032 nobiscum,
968 973 1018 1020 eat
1040 959 1090 1021 Dei

88 1130 90 1136 s
134 1051 275 1115 verbum.
299 1053 368 1118 Huc
380 1057 477 1140 igitur
497 1061 563 1121 vult
585 1060 687 1121 dicere
709 1061 880 1123 Dominus:
905 1062 939 1124 Si
958 1063 1090 1125 celebra·

136 1159 325 1220 sensilium
348 1162 466 1238 Deum,
495 1163 548 1245 qui
571 1165 713 1244 apparuit
740 1167 798 1228 tibi
828 1169 862 1228 in
886 1167 1021 1241 Betbel‚
1049 1190 1089 1230 ca·

134 1263 269 1325 lebrabia
307 1263 429 1328 Patrem
466 1281 495 1328 st
526 1268 643 1328 Filium
683 1281 712 1330 et
745 1270 900 1351 Spiritum
939 1284 1086 1333 sanctum.

72 1426 74 1433 ,
135 1367 270 1446 Quando
301 1371 384 1432 enim
414 1371 528 1432 dicitur
556 1350 710 1465 nnbat,
744 1372 795 1434 Dii
824 1374 973 1451 locutus,
996 1375 1085 1460 sigui·

133 1471 245 1536 fleatur
264 1474 425 1558 pluralitas
446 1495 651 1560 personarum
671 1455 704 1534 in
726 1475 893 1539 divinitate.

135 1655 304 1740 Surgita
333 1671 370 1722 et
399 1656 691 1722 adscendamus
712 1657 753 1720 in
775 1658 940 1734 sanuel,
972 1659 1083 1725 ntia·

134 1759 283 1824 aiamua
312 1762 369 1824 ibi
397 1763 525 1824 altare
556 1761 656 1836 Dec,
683 1761 755 1844 qui
781 1763 1005 1825 exaudivit
1033 1787 1081 1826 ma

23 1920 26 1925 ,
131 1859 174 1935 in
202 1863 263 1928 die
291 1865 583 1928 tribulationis
613 1872 738 1936 meae3
769 1876 805 1924 et
831 1861 1083 1928 adfuitmibi

350 1968 392 2029 iu
414 1971 492 2044 via,
514 1991 625 2052 quam
644 1967 859 2030 ambulavi.

211 2091 388 2176 Diligenter
409 2095 636 2157 observandum
654 2106 707 2168 est,
731 2094 817 2177 quud
837 2093 871 2152 in
893 2091 1080 2155 tctPutriar-

132 2199 260 2262 charum
289 2198 418 2260 historia
448 2219 510 2258 nou
542 2198 714 2280 descriptae
741 2209 792 2257 aut
813 2196 990 2257 celebratae
1012 2211 1078 2259 aunt

94 2331 97 2339 ¹
129 2306 215 2368 ullae
236 2303 433 2364 mactationes
454 2298 644 2374 hostiarum,
666 2322 735 2360 eum
757 2313 857 2359 tamen
873 2319 968 2380 saepe
986 2301 1076 2382 aerip-

129 2421 199 2469 tura
220 2417 323 2468 sancta
345 2425 438 2485 supra
468 2403 505 2465 de
527 2403 682 2464 Abraham
704 2414 734 2463 et
755 2402 840 2463 lsaac
873 2415 902 2462 et
926 2403 965 2464 de
986 2401 1076 2466 Iacob

130 2510 227 2582 dicat,
249 2505 423 2570 aedificasse
444 2525 496 2566 eus
518 2504 632 2566 altaria.
665 2506 713 2567 De
730 2505 832 2577 Noali,
853 2504 968 2580 Adam,
992 2503 1075 2579 Cain,

111 2606 229 2672 'Habel
250 2609 401 2694 legimus,
428 2628 502 2667 uaoa
524 2628 577 2668 ecs
597 2628 662 2669 ease
683 2604 854 2679 sacrificiis,
887 2619 918 2667 et
948 2607 1074 2688 quidem

128 2699 310 2776 bulocauata
332 2709 497 2783 obtulisse,
528 2731 606 2790 quae
628 2710 709 2773 haud
738 2709 830 2773 dubie
859 2709 1000 2773 fecerunt
1021 2712 1074 2774 Pa·

127 2814 379 2902 trasamundum
400 2813 512 2889 ritum‚
546 2835 638 2897 quem
659 2825 767 2894 postea
788 2813 937 2875 describit
958 2815 1073 2889 Muses,

30 2896 32 2905 Κ
126 2919 224 2980 itaut
245 2939 357 3000 agnos,
378 2917 493 2991 borea,
515 2937 624 2999 capras
645 2916 806 2978 mactarint
826 2917 1026 2990 retraxerint,
1047 2928 1074 2978 et

126 3008 246 3105 partein
273 3020 408 3100 aliquam
439 3018 603 3104 cremarint
631 3019 664 3079 in
686 3019 897 3080 holacaustum
921 3019 1071 3093 Domina,

126 3136 249 3207 partem
275 3122 338 3206 ipsi
366 3122 565 3184 comederint.
617 3121 698 3205 Quia
730 3121 814 3182 enim
847 3120 956 3182 fuisset
995 3122 1071 3183 aliua

37 3288 39 3301 ,
126 3247 200 3288 usus
229 3224 402 3287 altarium?
443 3226 633 3308 Ubicunque
667 3225 764 3309 igitur
792 3243 902 3285 eorum
932 3223 1072 3283 meminit

125 3329 297 3411 scriptura,
323 3327 367 3389 ibi
389 3328 467 3391 nibil
489 3330 621 3392 dubium
643 3330 705 3401 ea’t,
734 3327 828 3388 suinae
849 3324 999 3388 sacrificia
1020 3327 1070 3388 bu·

124 3432 344 3505 locandorum,
365 3443 395 3492 et
416 3431 587 3493 ablationes
609 3432 833 3513 placentarum,
856 3428 982 3507 farinae,
1005 3432 1070 3491 thu·

111 3534 168 3597 ¹ria
190 3547 219 3596 at
238 3533 390 3607 aliorum,
412 3556 491 3616 quae
511 3533 544 3592 in
564 3533 701 3619 Levitico
725 3535 956 3598 describuntur.
1002 3534 1068 3596 Hoc

122 3659 197 3706 sera
229 3635 360 3728 dignum
385 3649 431 3702 ast
458 3649 586 3716 natatu,
615 3640 703 3723 quod
721 3639 761 3703 hi
775 3638 972 3702 Patriarcbaa
994 3656 1067 3722 quc·

1019 3763 1076 3817 Q&
