2236 4034
158 102 240 203 lib
351 72 624 202 Tsigbslmnm
645 96 815 184 terticm
841 126 976 203 ospsst

174 281 209 329 α
228 260 357 345 Penus,
385 277 417 331 st
436 285 532 353 super
550 267 631 332 bosso
650 274 804 354 petrens“
828 279 899 335 sto.
929 269 1050 354 propri

173 367 280 455 Pspse
305 364 510 434 dsfsodsodo.
559 369 639 435 Toto
664 372 810 456 plsssstrs
838 378 1049 441 commentos

172 483 294 539 erstsnt
319 472 479 539 donnico
504 473 566 539 boo
594 474 689 555 dicto.
731 477 777 541 At
806 499 877 541 nos
909 477 1049 562 qnsmfi

174 575 348 643 doctrinam
368 578 521 666 evangelii
537 581 727 645 trsotsmosi’
772 579 894 666 Quem
917 582 1049 645 oscitent

173 678 280 766 gimm
308 681 549 761 ostendimus,
577 684 665 767 quod
693 683 851 749 Christus
883 706 1001 768 pessos
1019 708 1048 749 es

174 785 284 863 nobis,
305 796 448 849 mortuus
468 797 514 849 est
536 790 748 872 propeccatis
769 787 912 852 nostris.
958 787 1046 852 Item:

112 892 121 903 ⁸
172 897 239 955 stus
259 909 296 953 ex
315 885 377 955 fide
397 887 504 953 vivet“
526 904 584 956 etc.
613 890 696 958 Sunt
714 906 746 957 et
766 893 915 955 slisruns
937 891 1048 955 ortium

101 1014 104 1019 ·
171 1003 256 1055 tores
276 992 311 1054 in
337 1014 394 1056 suo
414 990 606 1078 professione
627 999 800 1064 excolende
834 997 1048 1084 diligentiore

121 1118 125 1129 ·
170 1109 218 1161 sst
237 1095 315 1161 ntile
335 1109 366 1160 et
386 1098 591 1161 necessarium
611 1101 645 1163 in
665 1103 746 1180 sits,
775 1115 819 1166 srt
847 1114 941 1165 astes
964 1114 997 1164 et
1020 1101 1048 1164 io

170 1201 359 1265 excolentur.
406 1198 459 1265 Sic
485 1201 519 1262 in
547 1205 768 1268 mercatoribus
798 1204 1047 1288 exquisituros

167 1303 249 1369 iiam
267 1302 462 1369 oslcnlornm
482 1305 727 1370 sollicitudinem
748 1306 1045 1393 deprehendimus.

168 1426 229 1471 nos
248 1406 282 1470 in
301 1408 417 1489 nostris
436 1407 528 1473 bonis
549 1410 740 1476 illustrandis
767 1425 802 1476 et
825 1408 1047 1496 amplificand

167 1530 239 1574 nus
257 1507 468 1596 ignavissimi,
490 1500 544 1598 qni
563 1528 677 1601 torpor
696 1530 727 1580 et
744 1514 967 1602 negligentia
988 1516 1047 1578 orit·

167 1633 260 1679 osone
279 1627 395 1678 nostre.
435 1617 555 1683 Deinde
575 1640 635 1685 nos
657 1619 780 1706 egimus
813 1619 857 1681 de
887 1615 996 1679 rebus
1015 1616 1047 1679 sb

167 1719 243 1786 ditis
266 1735 299 1786 et
324 1721 527 1799 coelestibus,
555 1744 619 1786 non
640 1721 867 1788 sensibilibuss
904 1718 974 1803 ipsi
1000 1741 1047 1782 ser

165 1825 396 1909 prementibus,
426 1825 599 1890 sisibssibcs
620 1839 651 1890 et
676 1825 918 1911 palpabilibus.
965 1824 1040 1888 ideo

166 1927 359 1991 unitatiorcs
380 1941 410 1994 st
431 1927 657 2013 diligentiores.
681 1978 686 1987 ,

243 2032 294 2097 Ao
315 2033 397 2096 hunc
416 2030 516 2118 igitur
532 2030 660 2109 modum
675 2028 760 2093 Esou
781 2030 1039 2117 diligentissime

164 2134 404 2219 promissionem
429 2137 577 2212 excussit3
605 2131 770 2217 respondit
797 2133 889 2196 enim
922 2134 1046 2196 simul·

162 2238 279 2302 risntis
299 2239 511 2324 promissioni.
551 2238 634 2303 Mihi
654 2249 701 2300 est
720 2238 908 2320 promissus
931 2237 1046 2320 gladios

161 2339 215 2405 xit·
254 2340 369 2406 Merito
389 2341 487 2431 igitur
506 2365 577 2405 sum
596 2342 731 2404 bellator
759 2352 789 2402 et
818 2341 1017 2424 imperator.

161 2454 210 2509 ter
230 2459 332 2509 sutem
353 2458 400 2510 est
429 2459 555 2530 postor,
583 2446 676 2530 inops
703 2455 734 2506 et
759 2445 869 2506 exsule
901 2444 1045 2529 pingued

63 2604 68 2613 .
160 2548 287 2613 obestes
307 2562 405 2614 terroe
432 2552 471 2616 sd
499 2573 549 2615 me
577 2549 721 2633 pertinet
761 2546 834 2611 Nec
865 2549 936 2611 ulli
962 2547 1045 2610 homi

161 2651 427 2737 subjecturum,
457 2667 489 2718 ct
508 2654 627 2717 excussi
647 2656 710 2739 jem
730 2653 845 2738 jugum
880 2649 1002 2714 fratris.
1041 2650 1045 2710 ζ

101 2760 104 2768 “
158 2754 266 2840 glosis
293 2769 324 2819 et
352 2755 521 2820 insolentis
548 2757 650 2823 oritur
676 2778 713 2820 ex
739 2755 860 2817 corneli
891 2754 1044 2818 benedict

84 3776 144 3796 hs...

159 2858 234 2943 qnis
263 2860 395 2924 incurrit
420 2859 461 2922 in·
482 2863 611 2938 oculos,
645 2872 677 2925 et
707 2858 842 2922 multum
878 2857 1044 2941 splendori

157 2981 295 3046 pompsse
322 2961 417 3026 hebet
443 2963 478 3026 io
508 2962 636 3028 mundo.
678 2960 797 3024 Habuit
825 2974 861 3024 et
892 2961 997 3027 Iscob
1019 2983 1044 3023 cs

156 3064 221 3127 lem
254 3064 522 3144 benedictionem,
556 3068 614 3130 scd
643 3087 708 3128 non
739 3065 799 3128 fuis
830 3076 904 3126 tom
946 3063 1041 3146 splen

154 3164 262 3233 Edom
282 3167 367 3231 enim
395 3168 506 3231 hebuit
532 3190 622 3253 reges
651 3182 681 3233 et
706 3170 800 3233 duces
820 3178 897 3228 onte
927 3164 1044 3229 fratrer

154 3271 230 3334 rell.
271 3269 315 3334 Et
334 3258 505 3366 spipitoslis
526 3271 699 3335 benedictio
729 3291 855 3354 semper
885 3283 976 3335 tectss
1008 3293 1043 3334 es

153 3374 282 3439 lissima·
294 3386 326 3439 et
345 3375 521 3437 miserrimo
541 3375 652 3458 specie.

148 3528 153 3549 ,
233 3478 337 3561 Atque
364 3478 440 3541 boec
466 3477 568 3562 glorio
597 3477 683 3539 Esou
712 3476 894 3558 plurimum
922 3478 1043 3563 profui

152 3582 454 3651 reconcilistionsms
477 3582 549 3685 quis
569 3578 731 3666 cogitavit:
760 3577 835 3663 Ego
861 3602 940 3645 sum
962 3585 1042 3649 dom
