2236 4034
488 178 659 265 genesis.
721 203 724 210 ·
984 180 1044 246 5229

180 322 386 423 Agnoscendus
406 334 452 387 est
471 337 572 387 autam
591 291 685 386 facies
700 321 759 384 Dei
779 320 897 385 blanda
917 323 950 385 in
969 332 1042 407 pr'c·

96 421 320 504 missionibus,
346 427 379 488 iu
399 428 614 502 sacramentis,
641 427 714 488 item
733 426 768 487 in
789 424 920 487 externis
947 425 1042 488 bene·

74 501 177 587 1ὶῑοίἰο
198 539 227 586 et
249 526 355 602 donis,
375 530 409 591 in
429 502 550 612 plicato
571 527 730 612 principe,
759 527 923 611 proximo,
952 539 1043 609 patre

95 637 152 686 aut
172 637 275 687 matre.
307 627 441 712 Quando
462 630 551 696 uideo
573 644 734 714 parentum
746 628 855 692 faciem
876 628 1039 712 placatam,

73 709 78 743 ³
94 725 192 807 simul
212 729 301 793 etiarn
321 728 430 794 faciem
451 731 510 794 Dei
531 733 678 806 blandam
705 745 736 795 et
755 732 941 796 arridentem
960 731 1040 797 mihi

73 812 196 891 'videm
238 829 511 915 Quemadmodum
532 832 622 899 lauch
642 833 730 917 prius
751 833 844 912 dixit,
873 854 906 896 se
926 833 1039 898 cidisse

73 915 270 996 'Dominum
291 932 366 999 fecie
387 936 427 1000 ad
447 934 573 1013 faciem3
601 936 729 998 eandem
749 933 810 1000 Dei
837 935 946 999 lsciem
975 955 1038 998 cer·

72 1018 141 1090 ‘uit
160 1031 223 1113 jaus
243 1034 275 1094 in
297 1034 373 1100 facie
392 1037 495 1102 fratris
517 1038 616 1115 Esau,
643 1039 719 1124 qnia
748 1039 832 1102 ridet
863 1037 1037 1120 beneplaci·

72 1120 161 1195 'tum
182 1133 306 1207 divinae
326 1141 493 1206 voluntatis
513 1141 546 1203 in
566 1137 783 1203 benevolentia
804 1151 835 1202 et
854 1137 959 1204 favore
979 1140 1037 1208 fra·

72 1228 162 1301 'triu
203 1237 255 1299 Ad
276 1241 408 1303 eundem
430 1242 559 1305 modum
585 1243 620 1304 in
645 1241 793 1304 omnihus
821 1242 966 1305 creaturis
992 1264 1055 1305 rc·
1115 1300 1117 1305 .

72 1335 240 1422 ¹splendet
260 1341 352 1411 facies
373 1345 440 1421 Dei,
462 1345 534 1429 quia
554 1356 626 1407 suut
647 1365 743 1426 opera
762 1344 834 1418 Dei,
854 1357 884 1406 et
904 1344 1037 1407 testimo,

71 1438 144 1506 'uia
165 1434 330 1514 voluntatis
352 1458 383 1508 et
401 1447 592 1529 praesentiae
619 1448 749 1512 diuinae.
789 1445 857 1509 lllis
876 1446 1036 1509 blanditur

71 1542 185 1613 'nobie
207 1555 332 1616 externo
361 1548 527 1631 adspectu,
557 1549 637 1613 sicut
656 1551 741 1615 intus
761 1548 795 1611 in
816 1549 911 1615 corde
938 1549 1034 1613 serbo

71 1649 126 1708 'et
143 1647 402 1728 promissionibus
429 1646 536 1715 faciem
556 1651 701 1719 blandum
731 1663 762 1718 et
788 1650 960 1741 benignam
986 1671 1034 1719 exa

71 1745 188 1810 'hibet
228 1765 231 1777 ·
258 1762 261 1773 ’

70 1856 73 1892 ¹
171 1849 256 1914 Haec
276 1875 347 1930 rere
367 1859 527 1941 explicatio
548 1858 641 1942 hujus
661 1857 783 1941 phrasis
804 1869 866 1937 est,
893 1876 932 1920 rre
962 1856 1032 1940 quic
1081 1888 1083 1892 ⁸

71 1963 74 1973 '
91 1952 327 2017 assentationem
348 1973 401 2021 aut
421 1960 598 2025 idolatriam
616 1960 841 2042 interpretetur.
882 1955 925 2021 Et
945 1955 1032 2020 addit

70 2066 72 2099 l
91 2057 325 2140 explicationem
346 2062 408 2124 sive
422 2062 685 2145 praedicationem
699 2057 797 2123 mutui
809 2057 924 2118 amoris
940 2068 968 2119 et
979 2057 1030 2119 bc·

89 2160 283 2228 nerolentiae
304 2160 336 2222 in
366 2152 475 2236 fratre,
504 2184 574 2232 cnm
603 2161 721 2244 iuquit:
748 2159 790 2221 Et
817 2157 944 2228 voluisti
971 2147 1032 2235 me',

89 2279 144 2327 aut
170 2266 251 2326 benc
281 2260 407 2328 voluisti
435 2262 519 2330 mihi.
561 2251 635 2360 β’)
660 2262 810 2348 siguificat
830 2263 1031 2341 uoluntatem,

87 2368 348 2451 beneplacitum„
367 2365 618 2430 benevolentiam.
672 2367 785 2431 Psalm.
808 2373 856 2438 51.
886 2379 932 2440 (r,
945 2369 1029 2438 tuor

88 2515 110 2546 ,‚
120 2469 258 2552 Benigne
280 2464 336 2540 fun,
357 2468 502 2545 Domine,
524 2470 555 2530 in
576 2470 660 2533 bona
681 2471 837 2534 voluntate
854 2467 1028 2548 tuaSicn“3

87 2585 120 2636 et
141 2573 249 2635 Matth.
275 2577 318 2638 17.
343 2577 461 2643 [naua
490 2570 576 2646 „Hic
597 2584 642 2634 est
662 2571 746 2634 lilius
772 2594 860 2635 meus
887 2571 1029 2649 dilectus,

86 2676 121 2739 in
156 2697 218 2758 quo
241 2673 319 2737 mihi
338 2674 419 2735 bene
439 2673 651 2758 complacui“.
691 2673 785 2736 ltem.
806 2672 911 2739 Lucae
931 2677 961 2740 2.
982 2684 1027 2747 (r.

89 2781 169 2850 143:
199 2822 218 2855 „
228 2773 415 2839 Hominibus
442 2773 528 2840 bona
548 2774 708 2852 voluntas,
735 2751 900 2845 rddozlssf‘.
957 2775 1029 2854 Hoc

77 2881 154 2945 'vult
174 2882 276 2945 dicere
295 2876 404 2941 lacobs
426 2873 547 2952 Video,
570 2879 657 2961 quod
676 2875 889 2961 complacuisti
908 2877 943 2939 iu
965 2898 1026 2952 me,
1065 2940 1068 2945 ,

86 2986 131 3049 du
150 2982 301 3045 nimmbsl
320 2979 402 3041 mich
423 2977 479 3037 mit
499 2975 630 3041 Gnadcn
650 2992 707 3056 r'ts,
734 2978 947 3062 amplecteris,
978 2999 1026 3042 ex-

85 3087 166 3171 cipis
186 3085 313 3158 osculo‚
333 3081 555 3164 illacrymaris,
582 3092 612 3142 et
633 3082 736 3144 renuis
756 3082 892 3156 donum,
920 3101 954 3143 cs
972 3102 1026 3164 ps·

84 3191 242 3255 ratior-sd
269 3188 420 3262 dandum,
449 3208 542 3268 quam
571 3186 611 3247 ad
636 3168 859 3266 accipiendum.
900 3184 947 3245 lta
973 3184 1026 3249 aa

86 3295 188 3358 claras
208 3305 295 3354 tuam
315 3311 389 3372 erga
409 3309 458 3349 me
479 3285 724 3352 montanarium
745 3299 774 3348 et
787 3285 1024 3368 beneplacitum.

84 3397 200 3479 Accipe
229 3412 306 3475 ergo
334 3389 553 3455 munusculum
579 3387 745 3474 exiguum,
778 3387 896 3472 pignus
924 3388 1023 3453 mutui

84 3502 217 3574 umoris,
247 3493 332 3580 quod
353 3481 494 3565 teststnr‡
521 3501 673 3552 metuam
704 3485 947 3549 benevolentiam
967 3509 1023 3572 ag·
1082 3486 1085 3491 ’

85 3618 221 3667 noscere.
263 3595 410 3708 appellat
434 3607 536 3667 sutem
562 3591 643 3674 duaa
668 3586 925 3661 benedictionem.
964 3589 1023 3663 Atta
