2236 4034
365 146 369 151 Ι
446 168 622 269 generia-
785 142 790 153 .
970 184 1010 251 13
1045 140 1050 149 ι

69 332 87 373 2
123 348 169 395 „a
181 315 371 393 miuadrertit3
392 319 449 381 eed
469 317 612 395 Rebecca
628 318 759 401 pulchre
776 324 879 401 aentit,
900 339 932 391 et
952 330 1008 393 nri.

125 429 183 501 „hli
196 420 303 490 coneilio
329 420 449 502 rejiciet
468 423 637 508 practicam
661 423 763 485 iatum.
803 424 880 489 Fuit
907 430 1007 514 igitur
1031 450 1039 469 ·’

69 516 76 575 i
126 534 226 601 &liene
245 525 318 587 etia·
337 522 445 599 Earn,
475 526 531 587 red
557 524 628 586 Deo
654 524 830 609 ignorante.
868 527 1006 603 ¹laoobe

71 622 95 677 ¹¹⁴
123 648 199 703 mter
217 650 267 693 non
284 625 405 687 ridetur
424 624 493 687 allo
515 625 638 689 bonore
667 640 720 689 eut
745 632 918 695 reverentie
945 634 1006 696 effi·

123 760 171 805 μ.
183 740 287 823 pram,
304 749 411 790 rerum
432 726 502 791 Deo
522 728 680 811 judicante
699 727 786 792 eolnr
805 733 902 811 colit,
929 737 1007 820 quin

72 844 92 880 ‘¹
122 844 181 911 llere
194 840 300 901 intuetur
318 853 381 897 cor.
403 832 488 894 Eean
508 828 599 893 effert
616 829 741 913 lepore·
761 844 793 893 et
810 831 954 914 sennam,
974 852 1006 903 et

72 945 98 985 ¹⁸·
123 945 234 1013 blanditur
246 934 303 999 reni
318 934 457 1016 parentir
477 943 646 1017 propteree
660 931 761 1016 magio
772 933 927 1019 diligitur,
947 940 1006 1005 aad

70 1027 97 1087 ¹¹⁵¹
122 1060 155 1111 ιι
167 1064 226 1107 mara
240 1036 391 1101 simulatio.
433 1033 529 1099 Unde
547 1034 688 1121 eugeeoit
708 1032 888 1119 rimplicitea
907 1040 1005 1121 luno,

121 1145 234 1233 qm'rinit,
248 1141 299 1203 tibi
316 1138 374 1202 hau
393 1136 593 1200 simulatione
611 1134 743 1218 imponi.

70 1251 93 1291 m
177 1246 222 1311 sed
235 1256 272 1307 ert
288 1242 402 1304 malum
422 1239 616 1320 exemplum,
643 1249 674 1299 et
693 1235 738 1319 pii
759 1236 879 1303 domm
898 1242 1004 1309 odisee

70 1336 92 1383 >¹
118 1332 229 1437 ejnodi
242 1344 414 1429 hypocrisin,
434 1351 466 1404 et
478 1341 597 1401 'timere
617 1337 801 1402 Dominum.
821 1340 898 1405 Non
918 1348 1004 1410 eninr

116 1462 182 1519 me·
192 1450 262 1522 lleur,
279 1447 302 1509 ai
322 1444 392 1528 quia
412 1464 524 1528 magne
543 1454 574 1505 et
594 1440 798 1519 multifacit,
818 1444 898 1509 aiout
916 1448 1005 1513 Eeeu

116 1552 196 1639 'nplet
209 1556 329 1633 quartum
349 1558 548 1632 praeceptum
568 1545 605 1607 in
625 1566 749 1607 summo
769 1549 881 1632 gradu,
900 1564 937 1613 ut
948 1575 1005 1637 ep-

70 1637 72 1647 ’
116 1668 194 1743 'meg
215 1650 472 1715 mutuamina·
492 1650 582 1724 iacit,
612 1647 688 1731 quie
706 1668 763 1711 cor
783 1649 851 1734 ejua
870 1674 935 1715 non
956 1666 1005 1718 eat

70 1764 72 1785 ¹
114 1754 411 1830 maurimontem,
430 1754 519 1838 qnod
538 1766 641 1815 temen
663 1764 734 1815 ente
754 1754 857 1815 omnia
871 1756 1004 1841 requirit

113 1860 183 1925 llaaa
198 1854 294 1918 Deinde
314 1877 379 1918 non
399 1856 581 1919 curatEeau
601 1869 734 1939 petrem,
754 1854 918 1918 redonam
937 1859 1003 1941 pri-

116 1962 290 2043 mogenituram,
312 1957 397 2042 qnod
415 1957 529 2020 deinde
549 1958 652 2045 magio
668 1957 813 2040 liquebit,
833 1972 1002 2045 portquem

70 2044 72 2049 ⁵
115 2062 188 2129 anirit
205 2059 441 2122 benedictionem.
481 2058 517 2122 Si
545 2060 629 2121 enim
658 2071 779 2143 petrem
806 2081 879 2123 vere
907 2048 938 2123 ct
956 2062 1003 2125 'ex

113 2168 186 2231 raino
200 2162 350 2237 dilexieret,
377 2174 445 2223 tum
465 2182 568 2246 aequo
589 2161 695 2223 animo
715 2161 836 2223 tuliaeet
856 2164 1003 2226 maledic-

111 2270 192 2333 tionem
210 2266 304 2340 illam,
331 2275 361 2325 et
389 2263 529 2326 dixiaaot:
563 2263 753 2348 Quemquam
782 2263 859 2325 mihi
887 2279 917 2329 et
944 2267 1004 2329 tibi

72 2364 81 2454 l
112 2371 168 2433 alind
182 2368 264 2431 naum
283 2367 350 2439 fnit,
372 2379 469 2449 peter,
492 2362 648 2449 obteqnar
667 2378 770 2428 tamen
791 2366 881 2429 etiam
902 2370 1004 2448 matri,

70 2462 82 2539 i
110 2470 209 2537 eleum
227 2489 323 2553 aequo
344 2467 446 2527 animo
468 2467 545 2529 hanc
565 2468 799 2531 translationem
815 2468 1004 2534 benedictio-

70 2584 75 2655 l
103 2576 141 2637 tt
155 2572 200 2637 Sed
215 2574 307 2655 longe
327 2571 406 2632 eliua
424 2571 490 2651 ejne
504 2571 627 2631 animur
645 2582 700 2644 eet,
722 2570 797 2653 quie
809 2570 900 2633 dicit:
923 2572 1005 2649 „Ve-

71 2668 73 2673 ’
95 2674 225 2737 nientdiee
239 2672 351 2747 luctue,
373 2685 402 2733 et
418 2669 598 2734 interficiam
610 2672 736 2736 fratrem
751 2681 888 2736 meum“.
909 2674 1003 2739 Sicci-

89 2802 120 2843 ne
134 2798 194 2841 rero
213 2772 391 2837 honorandi
411 2785 483 2833 eunt
503 2776 673 2856 parentes?
697 2774 767 2838 Hoc
786 2797 863 2861 ergo
884 2776 1003 2841 Salani-

83 2904 139 2947 erm
162 2894 189 2943 et
215 2872 413 2961 parricidiale
440 2894 495 2936 cor
520 2876 600 2937 vidit
629 2877 734 2951 Deua,
766 2878 822 2962 qui
852 2892 1005 2943 emulatur

78 2986 174 3059 eorda3
203 2978 366 3042 ebroondit
385 2978 417 3039 id
438 2977 566 3060 quidem
586 2977 628 3041 ed
647 2989 790 3060 tempus,
817 3001 857 3041 ne
878 2983 1004 3045 eentiret

73 3102 155 3173 peter,
175 3084 229 3149 red
250 3096 361 3167 postea
381 3079 526 3161 erumpit.

136 3187 172 3251 ld
199 3207 274 3249 uero
305 3195 470 3267 parentum
504 3182 608 3245 bonor
634 3182 785 3267 requirit,
815 3194 851 3245 nt
884 3185 1004 3249 etiamai

71 3292 134 3378 qnid
160 3301 271 3353 contra
302 3284 493 3346 voluntutem
520 3293 605 3347 tuam
635 3284 863 3361 ordinaverint,
900 3301 1004 3351 tamen

71 3384 410 3456 ribilomimue‘meneee
435 3385 592 3448 obediens.
633 3386 707 3449 Ideo
728 3387 835 3451 Moaee
857 3390 1006 3454 describit
1047 3448 1053 3461 ,

71 3496 137 3559 Etru
158 3492 317 3577 insignem
339 3489 550 3573 hypocritam,
580 3490 635 3571 qni
656 3490 869 3575 ringularibue
897 3490 1005 3554 officiis

71 3596 244 3662 {emeruerit
263 3608 399 3679 patrem,
419 3606 451 3657 et
468 3604 573 3656 tamen
592 3594 755 3679 hypocriri
773 3593 833 3656 ieta
853 3595 884 3657 oi
903 3597 1007 3681 impo-
