2236 4034
132 210 136 217 .
233 154 414 240 genesis·
621 130 624 135 Ι
769 160 812 227 25

69 314 105 377 st.
124 323 202 389 ques
222 305 353 369 maome
372 303 481 388 prodit
496 284 666 390 hominem,
687 307 811 371 tametsi
851 352 854 361 ·
917 284 921 301 ⁵

73 427 136 470 nco
155 407 280 489 possint
300 408 448 492 judicare.
467 405 537 469 Nee
551 420 656 488 potest
676 409 744 471 nlla
762 430 831 475 re·
945 456 949 465 =

69 509 156 573 talari
181 509 377 573 autmutari.
419 507 486 571 Imo
514 508 629 571 certius
655 509 810 592 judicium

69 636 144 696 [tram
166 612 191 673 si
212 611 322 674 faciem
342 612 445 694 ipsam
466 612 694 695 contempleris·
727 610 809 677 ddeo

69 740 92 776 n
121 716 287 778 discrimen
318 713 495 777 adduxisset
521 710 623 777 filiam
652 704 809 793 Rebecca
853 728 857 743 ¹

69 817 237 879 rirsbiliter
256 817 460 901 gubernasset
480 815 595 876 omnia.
616 813 699 877 Audi
715 813 811 893 enirn,
835 890 839 899 Ι
892 822 900 835 “

69 921 147 983 ‚dest
165 934 262 1003 pater.
305 919 477 1001 Postquam
497 915 576 979 dicit
595 914 707 979 Iecobe
733 916 809 1004 Ego

69 1037 140 1085 taus
160 1021 264 1097 Esau,
291 1022 393 1083 statim
413 1019 556 1107 agnoscit
576 1039 685 1081 vocem
705 1016 809 1094 hook),

81 1124 184 1201 lseob,
204 1147 315 1187 manus
335 1138 438 1203 autem
456 1123 551 1187 Esau.
582 1112 631 1185 Ib'i
649 1121 736 1185 haud
755 1116 815 1187 dts·¹

69 1224 164 1288 factus
186 1227 343 1309 cogitavit,
369 1247 402 1289 ss
423 1247 487 1289 non
506 1234 590 1287 recte
609 1223 811 1307 perpendisse

69 1351 77 1390 s
98 1350 170 1390 sane
191 1348 264 1393 mor
284 1325 473 1411 aufugissent
493 1327 534 1388 ad
552 1347 738 1409 responsum
757 1348 812 1411 pa·

71 1429 176 1507 laceb,
197 1452 257 1492 vox
277 1430 369 1494 Iacob
389 1445 445 1494 eto.
478 1429 542 1495 Hic
561 1429 645 1493 euim
664 1448 812 1515 paroxys-

70 1555 137 1596 snus
156 1532 300 1617 periculi.
653 1524 656 1531 ¹

70 1649 111 1697 :nt
138 1656 210 1697 vero
246 1634 323 1697 haec
357 1632 464 1697 omuia
493 1632 534 1715 sd
567 1631 812 1697 consolationem

91 1760 226 1823 quornm
248 1737 378 1801 consilia
408 1750 439 1800 et
465 1750 595 1803 conatus
621 1758 748 1819 neeesse
766 1751 814 1801 est

70 1887 77 1918 ‚
106 1841 179 1923 qnia
207 1841 419 1924 suscipiuntur
445 1842 480 1905 in
498 1839 570 1905 fide
613 1838 708 1925 „Qui
728 1841 813 1907 eain
881 1821 887 1833 ι

70 1945 176 2005 omnia
197 1957 404 2026 cooperantur
424 1941 458 2007 in
479 1941 628 2003 bonum“
651 1940 759 2015 (Rom.
780 1948 813 2021 8,

78 2067 142 2107 non
165 2044 304 2131 quiescit,
323 2060 354 2108 et
374 2058 447 2109 sunt
467 2043 495 2107 ei
514 2041 620 2106 omnia
637 2045 813 2127 possibilia,

70 2171 90 2210 *e
114 2148 215 2210 vnum
236 2160 384 2222 sanctum,
406 2158 436 2208 et
457 2145 691 2229 quodammodo
714 2146 814 2231 Spiri-

70 2276 110 2312 m.
143 2248 195 2311 Sic
214 2249 357 2313 Rebecca
376 2251 491 2336 pergit,
512 2271 572 2312 nso
592 2249 717 2333 cogitet,
739 2272 817 2335 quo·

72 2365 125 2413 nat
152 2371 184 2413 se
213 2362 245 2412 st
271 2349 372 2413 filium
391 2350 486 2425 Iacob
514 2350 635 2435 ingenti
665 2352 815 2436 periculo,

70 2456 130 2516 nim
150 2454 234 2516 lssno
254 2453 372 2515 diceres
402 2451 508 2535 Quare
534 2451 580 2514 ris
601 2452 743 2535 decipere
762 2477 818 2540 pe.

70 2557 174 2619 oliare
196 2571 285 2619 tuum
305 2550 458 2617 fratrem?
494 2553 545 2615 Ao
565 2564 673 2639 putes,
694 2574 743 2616 me
764 2574 818 2616 vo-

70 2681 129 2720 non
151 2658 260 2726 andire
288 2669 319 2720 st
337 2678 510 2743 agnoscere
535 2657 588 2731 (da
607 2657 650 2721 ist
668 2677 701 2719 es
719 2657 819 2721 wahr-

91 2760 195 2844 Wssg
214 2758 427 2844 gestsndenJi'
468 2758 540 2839 Qua
560 2780 635 2823 vocs
655 2762 819 2844 perculsus

70 2875 165 2927 essetr
187 2860 216 2922 0
239 2871 345 2934 mater,
366 2860 443 2942 qnid
461 2856 584 2924 fecisti?
604 2860 699 2925 Pater
713 2863 819 2927 obser·
930 2848 936 2867 ¹

87 2965 175 3050 quod
195 2964 287 3027 nobis
307 2984 372 3025 non
391 2963 424 3023 in
445 2975 580 3041 mentem
601 2963 700 3040 venit,
720 2979 756 3028 ut
773 2966 819 3030 in-

92 3086 281 3131 cereremus.
302 3064 347 3129 lta
367 3063 425 3127 fuit
443 3064 478 3125 in
492 3061 632 3125 maximis
651 3067 820 3148 angustiis3

72 3172 105 3232 in
127 3168 307 3232 obedientie
328 3167 448 3241 matris,
476 3188 555 3249 quse
577 3165 651 3229 dixit
671 3168 710 3231 ad
729 3191 819 3239 eumz

75 3274 189 3336 tussit
210 3291 304 3354 super
325 3291 383 3333 nse.
404 3268 477 3330 Ideo
498 3268 559 3329 fuit
578 3269 711 3352 insignis
730 3269 820 3349 tides,

71 3374 110 3436 sit
131 3397 164 3437 se
184 3369 434 3457 tergiversationi
454 3368 556 3433 Iacob·
586 3371 663 3435 Noti
684 3368 844 3456 dispute-¹

75 3477 190 3559 jubeo,
212 3476 338 3549 mando,
360 3473 387 3536 si
409 3473 485 3558 quid
505 3473 580 3537 mali
600 3474 672 3536 inde
692 3475 822 3555 orietur,
916 3532 919 3537 .

71 3577 152 3661 ‚radet
170 3579 263 3657 volo,
283 3576 347 3647 siec
368 3577 408 3639 sit
427 3575 623 3657 maledictio,
644 3575 709 3645 sive
727 3576 824 3652 bene·
