2250 4042
215 107 218 123 ¹
294 148 351 185 ¹.
473 127 649 214 genesis.
976 133 1038 201 995

91 276 171 341 triso
191 276 276 362 opud
303 273 421 337 vioinss
442 285 550 357 gentes
571 273 733 338 viderootr
760 285 791 338 et
819 286 922 342 temen
942 274 1039 353 firmio

91 394 141 446 tet
160 378 292 463 amplexi
311 389 384 440 sunt
404 377 532 457 verbom
553 377 621 441 Dei.
663 376 731 440 Nos
754 376 876 443 infinito
896 381 1036 464 exemplt
1050 413 1061 432 -·

91 481 164 544 fidei
184 495 214 543 et
233 493 341 543 nostro
363 491 395 542 et
414 481 632 562 superioribus,
649 480 761 543 seoulis
783 481 825 544 oh
846 483 960 547 oeulos
976 503 1035 568 po·

90 585 148 649 sits
168 584 337 658 hebemus,
358 593 509 644 ettamen
530 605 595 646 ooo
616 580 779 645 eredimus.

124 685 135 703 ²
171 686 312 750 Primum
332 682 432 768 igitur
443 684 620 770 'diligenter
641 684 830 749 observande
850 676 921 776 suot
940 683 1036 749 verbo
1088 686 1093 693 ’

88 788 148 852 Dei
168 787 343 870 loquentis,
364 783 475 847 deinde
496 784 571 857 fides
595 787 804 866 credentium
825 801 893 851 tum
913 789 1034 856 videbis

89 912 161 952 vers
181 887 328 951 mirseuls
348 885 381 946 io
400 885 538 948 historiis
560 903 756 968 sanctorum,
786 891 840 973 qui
861 911 920 975 per
939 879 1035 953 fidei:

87 991 175 1053 verbi
195 990 298 1056 omnis
319 988 401 1050 mois
423 991 532 1053 mundi
552 1006 583 1056 et
612 982 819 1058 Diabolorom
841 1001 1033 1076 superarunt.

87 1093 132 1156 Et
151 1093 230 1156 hono
250 1091 411 1157 victoriam
431 1094 536 1177 adepti
553 1111 626 1159 sunt
639 1122 702 1162 non
714 1100 863 1183 sepientis
878 1121 943 1175 sos,
955 1118 1034 1181 quse

88 1195 231 1258 devorato
250 1209 315 1273 est,
343 1196 427 1280 juxte
454 1198 555 1279 illud,
583 1203 798 1280 Psslm.107.;
826 1203 883 1266 sed
902 1216 1034 1286 propter

86 1299 218 1361 verbum
239 1298 363 1362 veniens
383 1314 414 1365 et
433 1305 614 1382 consolans,
642 1319 673 1368 et
700 1303 790 1382 fids„
808 1296 872 1388 qui
889 1305 1031 1368 adhaese·

86 1414 162 1463 runt
181 1401 295 1463 verbo:
318 1404 391 1486 quia
412 1404 517 1479 „fider
538 1421 643 1470 nostre
655 1408 849 1483 sstviotorio,
870 1430 951 1491 quoe
966 1408 1044 1471 vin-2

87 1505 131 1567 eit
151 1504 303 1565 mundum
315 1509 352 1580 “‚
376 1508 391 1570 1
406 1502 493 1567 loon.
503 1513 531 1575 5.
555 1517 599 1586 (v.
611 1510 665 1583 4.).
706 1512 791 1573 Deus
812 1511 901 1576 effioit
915 1530 974 1573 nos
989 1508 1033 1573 ri-

86 1619 188 1668 otores
209 1617 240 1667 st
258 1605 500 1688 triumphatores
520 1630 688 1692 persuum
709 1611 856 1687 verbum,
887 1631 952 1695 quo
972 1630 1032 1671 nos

84 1709 179 1798 erigit
198 1721 228 1771 et
247 1708 416 1788 eoofirmst.
458 1712 631 1799 Magnifice
651 1713 749 1799 igitur
769 1713 842 1774 hero
858 1710 1031 1776 consolatio

85 1825 149 1887 est,
171 1834 264 1898 quom
285 1813 407 1878 exhibet
426 1812 514 1879 Deus
533 1815 637 1879 lsoob.
679 1814 812 1879 Perinde
826 1812 909 1882 onim
924 1825 979 1887 est,
995 1833 1032 1876 tto

85 1916 113 1978 si
136 1915 233 1978 diost:
254 1915 327 2001 Ego
348 1919 447 1982 hsbeo
469 1931 601 1982 mortem
622 1929 652 1980 et
665 1919 758 1980 vitem
774 1937 943 1999 omnesque
958 1926 1033 1977 tem·

83 2032 217 2106 pestates
238 2021 270 2081 in
291 2043 386 2083 morsu
399 2042 475 2085 mes.
504 2022 554 2082 Tu
568 2031 687 2081 tontum
703 2020 793 2081 erede
810 2033 841 2082 et
857 2017 1032 2081 salvaberis.

163 2122 262 2184 Addit
281 2135 383 2185 sutem
403 2134 605 2206 praeseptum
627 2122 665 2184 de
678 2121 831 2207 'erigendo
850 2121 949 2195 elteri,
971 2119 1033 2182 hoo

85 2235 141 2300 est,
162 2223 201 2287 de
213 2223 405 2288 instituendo
422 2227 517 2301 oultu,
533 2226 587 2287 ubi
602 2204 736 2287 notantis
751 2236 796 2287 est
803 2223 920 2308 ‘reguis
935 2214 1031 2283 hseo'r

84 2327 159 2391 Sine
191 2326 310 2410 Spiritu
340 2340 447 2390 saneto
476 2350 542 2390 non
574 2340 620 2390 est
650 2327 845 2410 suscipiendo
864 2325 929 2386 ulis
950 2321 1040 2392 rotie,

84 2443 138 2493 sot
157 2430 271 2492 modus
291 2429 416 2493 ooleodi
437 2431 506 2493 Dei.
548 2429 637 2493 Siout
664 2429 756 2491 lsoob
784 2449 846 2489 noo
874 2445 931 2487 suo
953 2423 1032 2485 orbi·

82 2533 146 2595 trio
167 2530 278 2617 fingit,
298 2531 358 2595 hoo
379 2535 450 2596 looo
473 2533 600 2596 domum
621 2531 680 2593 Dei
701 2551 785 2606 esse,
806 2528 862 2592 sod
881 2525 975 2588 hsbet
996 2546 1032 2586 ex

82 2634 287 2710 rovelstions‚
308 2654 378 2698 oum
399 2659 493 2720 supro
514 2637 667 2698 dormiret
687 2633 749 2710 ibi,
781 2646 811 2695 et
831 2631 950 2692 videret
970 2629 1032 2689 An·

84 2739 174 2821 gelos
184 2737 403 2816 adscendentes
416 2752 445 2802 et
456 2740 682 2814 descendentes,
695 2752 763 2800 tom
781 2735 928 2798 addebats
949 2730 1033 2795 Vere

72 2839 319 2903 ·hiooihitsliud
329 2855 384 2917 est,
397 2864 488 2925 quom
502 2840 678 2904 domusDei
693 2839 849 2916 (Gen-98,
860 2839 934 2904 160·
955 2831 1032 2895 Νθῐῑ

84 2943 183 3027 igitur
195 2943 326 3025 propris
345 2944 514 3006 temeritate
530 2944 676 3028 erigendo
689 2941 799 3005 altario
811 2953 841 3002 et
855 2937 957 3000 ouitos
977 2931 1033 2995 fin·

85 3042 182 3130 gendi
203 3057 291 3120 sunt,
312 3045 365 3108 sed
384 3045 612 3127 respiciendum
633 3061 677 3110 est
697 3047 739 3109 sd
759 3041 938 3104 mandatum
963 3032 1031 3125 Dei.

83 3147 275 3211 Hieroboam
302 3148 527 3228 posterioribus
554 3148 751 3229 temporibus
779 3142 875 3203 erexit
900 3135 1032 3199 vitulum

85 3249 120 3313 io
139 3247 266 3322 Bethet,
287 3259 323 3308 ut
342 3247 389 3310 ibi
409 3247 592 3313 sacrificaret
613 3260 644 3309 et
661 3247 805 3309 adoraret
820 3242 969 3322 populus.
984 3239 1033 3302 Et

85 3332 122 3415 ot
142 3349 319 3413 mandatum
348 3350 407 3415 Dei
434 3352 472 3416 ds
499 3347 693 3415 aedificando
713 3343 834 3426 templo
856 3340 1034 3424 Hierosoly·
1086 3360 1093 3381 ⁸

86 3456 221 3530 mitono,
245 3455 332 3537 qood
352 3455 499 3519 habuerat
520 3450 680 3522 Salomon,
701 3434 896 3520 obscuraret,
916 3443 1035 3529 magni-

85 3560 145 3628 fiee
166 3557 365 3645 praedicebat
384 3559 447 3623 hoo
467 3555 645 3622 mundatum
665 3548 862 3615 Potrisrehse
875 3545 1036 3613 iacob-ds·
